Company,Date,2024-12-31,2024-09-30,2024-06-30,2024-03-31,2023-12-31,2023-09-30,2023-06-30,2023-03-31,2022-12-31,2022-09-30,2022-06-30,2022-03-31,2021-12-31,2021-09-30,2021-06-30,2021-03-31,2020-12-31,2020-09-30,2020-06-30,2020-03-31,2019-12-31,2019-09-30,2019-06-30,2019-03-31,2018-12-31,2018-09-30,2018-06-30,2018-03-31,2017-12-31,2017-09-30,2017-06-30,2017-03-31,2016-12-31,2016-09-30,2016-06-30,2016-03-31,2015-12-31,2015-09-30,2015-06-30,2015-03-31,2014-12-31,2014-09-30,2014-06-30,2014-03-31,2013-12-31,2013-09-30,2013-06-30,2013-03-31,2012-12-31,2012-09-30,2012-06-30,2012-03-31,2011-12-31,2011-09-30,2011-06-30,2011-03-31,2010-12-31,2010-09-30,2010-06-30,2010-03-31,2009-12-31,2009-09-30,2009-06-30,2009-03-31,2008-12-31,2008-09-30,2008-06-30,2008-03-31,2007-12-31,2007-09-30,2007-06-30,2007-03-31,2006-12-31,2006-09-30,2006-06-30,2006-03-31,2005-12-31,2005-09-30,2005-06-30,2005-03-31,2004-12-31,2004-09-30,2004-06-30,2004-03-31,2003-12-31,2003-09-30,2003-06-30,2003-03-31,2002-12-31,2002-09-30,2002-06-30,2002-03-31,2001-12-31,2001-09-30,2001-06-30,2001-03-31,2000-12-31,2000-09-30,2000-06-30,2000-03-31,1999-12-31,1999-09-30,1999-06-30,1999-03-31,1998-12-31,1998-09-30,1998-06-30,1998-03-31,1997-12-31,1997-09-30,1997-06-30,1997-03-31,1996-12-31,1996-09-30,1996-06-30,1996-03-31,1995-12-31,1994-12-31,2018-03-30
so-financials,Revenue,26724.0,26428.0,26134.0,25419.0,25253.0,26255.0,27653.0,29111.0,29279.0,27999.0,25859.0,23851.0,23113.0,22463.0,21845.0,21267.0,20375.0,20172.0,20547.0,21025.0,21419.0,21842.0,22006.0,22535.0,23495.0,23786.0,23828.0,23631.0,23031.0,22583.0,22646.0,21675.0,19896.0,18283.0,17420.0,17298.0,17489.0,17938.0,17876.0,18006.0,18467.0,18377.0,18055.0,17834.0,17087.0,16863.0,16895.0,16830.0,16537.0,16530.0,16909.0,17249.0,17657.0,17732.0,17624.0,17311.0,17456.0,17195.047,16556.529,16233.693,15743.0,16035.357,16780.374,17110.397,17127.0,16664.956,16070.5,15627.241,15353.0,15164.499,14881.834,14701.409,14356.0,14493.582,14302.087,13830.23,13554.0,12811.544,11894.466,11783.715,11729.0,11534.167,11394.209,11209.278,11018.0,11094.797,11041.958,10848.766,10514.0,10251.585,10168.038,10099.07,10155.0,10290.063,10322.977,10283.915,10066.0,8119.426,8658.7,8927.038,9317.0,9603.251,9323.387,9445.688,9499.0,12103.23,12717.649,12521.463,12611.0,11805.395,10666.747,10513.059,10358.0,,,,9180.0,8297.0,
so-financials,Revenue Growth,0.05825050489050798,0.0065892211007427814,-0.05493074892416738,-0.12682491154546394,-0.1375046961986407,-0.06228793885495909,0.06937623264627413,0.2205358265900801,0.2667762730930645,0.24644971731291454,0.18374914168001832,0.12150279776179063,0.13438036809815945,0.11357326987904015,0.06317223925633919,0.011510107015457738,-0.04874177132452495,-0.07645819979855328,-0.06630009997273467,-0.06700687818948303,-0.08835922536709939,-0.08172874800302699,-0.07646466342118519,-0.04637975540603445,0.020146758716512503,0.053270158969136006,0.052194648061467896,0.09024221453287207,0.15756936067551264,0.23519116118798888,0.30000000000000004,0.2530350329517863,0.13762936703070494,0.01923291336826849,-0.025509062430073892,-0.03932022659113632,-0.052959332864027764,-0.023888556347608447,-0.009914151204652444,0.009644499271055373,0.08076315327441907,0.0897823637549664,0.06865936667653161,0.0596553773024362,0.03325875309911108,0.020145190562613324,-0.0008279614406528912,-0.02429126326163833,-0.06343093390723231,-0.06778705165801935,-0.04056967771221065,-0.003581537750563246,0.01151466544454638,0.031227190015822526,0.06447432309030465,0.06636241057410652,0.10881026487962897,0.07232080957099996,-0.013339690760170164,-0.05123808641026861,-0.08080808080808077,-0.03777981772049088,0.044172489966086914,0.09490837186167411,0.11554745000977018,0.09894537234629386,0.07987362310317403,0.06297573246210608,0.06944831429367504,0.04629062712033516,0.04053583228797297,0.06299092639818715,0.05917072450937,0.13129081084996463,0.202415224020986,0.17367315825272422,0.15559723761616495,0.11074722604588616,0.04390449569601551,0.051246565568273006,0.06453076783445266,0.03960144561455259,0.03190113565003605,0.03323069185933214,0.04793608521970705,0.08225186641870508,0.08594775117874254,0.07423416215552514,0.03535204332840958,-0.0037393357066910493,-0.015009139320953602,-0.01797418590099198,0.008841645142062315,0.26733872566853867,0.19220864563964568,0.1519963284574346,0.08039068369646873,-0.154512779057842,-0.07129243911037908,-0.054908652498367516,-0.01915991156963892,-0.2065546965562085,-0.26689382605228373,-0.24564022590650947,-0.24676869399730395,0.025228719581174452,0.19227061446193483,0.19103897352806642,0.21751303340413197,,,,0.12832244008714588,,,,,,
so-financials,Cost of Revenue,14922.0,14763.0,14634.0,14617.0,14970.0,16837.0,18603.0,19843.0,20063.0,18404.0,16551.0,15115.0,14156.0,13406.0,12822.0,12212.0,11712.0,11857.0,12079.0,12548.0,13046.0,13566.0,13962.0,14638.0,15194.0,15311.0,15206.0,14834.0,14366.0,14250.0,14405.0,13716.0,12479.0,10934.0,10444.0,10536.0,10808.0,11476.0,11531.0,11675.0,12012.0,11665.0,11432.0,11252.0,10751.0,10560.0,10524.0,10456.0,10287.0,10538.0,11023.0,11366.0,11709.0,11965.0,12054.0,11989.0,12141.0,11845.41,11345.499,11077.128,10770.0,11100.491,11821.191,12131.936,12178.0,11832.995,11316.727,11001.938,10782.0,10546.596,10299.636,10168.957,9932.0,10137.863,10028.824,9653.8,9416.0,8760.143,8062.251,8030.898,7959.0,7767.399,7628.644,7332.56,7172.0,7227.129,7193.672,7127.015,6885.0,6609.864,6581.191,6556.595,6591.0,6740.234,6728.134,6648.118,6490.0,6710.772,6437.675,6104.546,5927.0,6061.748,5887.518,5904.793,5880.0,4354.983,5554.199,6066.318,6649.0,6015.616,5084.62,4896.017,4764.0,,,,3835.0,3470.0,
so-financials,Gross Profit,11802.0,11665.0,11500.0,10802.0,10283.0,9418.0,9050.0,9268.0,9216.0,9595.0,9308.0,8736.0,8957.0,9057.0,9023.0,9055.0,8663.0,8315.0,8468.0,8477.0,8373.0,8276.0,8044.0,7897.0,8301.0,8475.0,8622.0,8797.0,8665.0,8333.0,8241.0,7959.0,7417.0,7349.0,6976.0,6762.0,6681.0,6462.0,6345.0,6331.0,6455.0,6712.0,6623.0,6582.0,6336.0,6303.0,6371.0,6374.0,6250.0,5992.0,5886.0,5883.0,5948.0,5767.0,5570.0,5322.0,5315.0,5349.637,5211.03,5156.565,4973.0,4934.866,4959.183,4978.461,4949.0,4831.961,4753.773,4625.303,4571.0,4617.903,4582.198,4532.452,4424.0,4355.719,4273.263,4176.43,4138.0,4051.401,3832.215,3752.817,3770.0,3766.768,3765.565,3876.718,3846.0,3867.668,3848.286,3721.751,3629.0,3641.721,3586.847,3542.475,3564.0,3549.829,3594.843,3635.797,3576.0,1408.654,2221.025,2822.492,3390.0,3541.503,3435.869,3540.895,3619.0,7748.247,7163.45,6455.145,5962.0,5789.779,5582.127,5617.042,5594.0,,,,5345.0,4827.0,
so-financials,"Selling, General & Admin",0.0,0.0,0.0,0.0,0.0,0.0,0.0,0.0,0.0,0.0,0.0,0.0,0.0,0.0,0.0,0.0,0.0,0.0,0.0,0.0,0.0,0.0,0.0,0.0,0.0,0.0,0.0,0.0,0.0,0.0,0.0,0.0,0.0,0.0,0.0,0.0,0.0,0.0,0.0,0.0,0.0,0.0,0.0,0.0,0.0,0.0,0.0,0.0,0.0,0.0,0.0,0.0,0.0,0.0,0.0,0.0,0.0,0.0,0.0,0.0,0.0,0.0,0.0,0.0,0.0,0.0,0.0,0.0,0.0,0.0,0.0,0.0,0.0,0.0,0.0,0.0,0.0,0.0,0.0,0.0,0.0,0.0,0.0,0.0,0.0,0.0,0.0,0.0,0.0,0.0,0.0,0.0,0.0,0.0,0.0,0.0,0.0,0.0,0.0,0.0,0.0,0.0,0.0,0.0,0.0,0.0,0.0,0.0,0.0,0.0,0.0,0.0,0.0,,,,0.0,0.0,
so-financials,Research & Development,0.0,0.0,0.0,0.0,0.0,0.0,0.0,0.0,0.0,0.0,0.0,0.0,0.0,0.0,0.0,0.0,0.0,0.0,0.0,0.0,0.0,0.0,0.0,0.0,0.0,0.0,0.0,0.0,0.0,0.0,0.0,0.0,0.0,0.0,0.0,0.0,0.0,0.0,0.0,0.0,0.0,0.0,0.0,0.0,0.0,0.0,0.0,0.0,0.0,0.0,0.0,0.0,0.0,0.0,0.0,0.0,0.0,0.0,0.0,0.0,0.0,0.0,0.0,0.0,0.0,0.0,0.0,0.0,0.0,0.0,0.0,0.0,0.0,0.0,0.0,0.0,0.0,0.0,0.0,0.0,0.0,0.0,0.0,0.0,0.0,0.0,0.0,0.0,0.0,0.0,0.0,0.0,0.0,0.0,0.0,0.0,0.0,0.0,0.0,0.0,0.0,0.0,0.0,0.0,0.0,0.0,0.0,0.0,0.0,0.0,0.0,0.0,0.0,,,,0.0,0.0,
so-financials,Operating Expenses,4734.0,4448.0,4541.0,4492.0,4457.0,4662.0,4211.0,4064.0,3846.0,4538.0,4846.0,5232.0,5259.0,4505.0,4234.0,3905.0,3843.0,3565.0,3546.0,3279.0,3206.0,3137.0,3091.0,4179.0,4401.0,4461.0,4438.0,6361.0,6372.0,6408.0,6302.0,3105.0,2930.0,2324.0,2157.0,2088.0,2034.0,1945.0,1931.0,1935.0,1945.0,1994.0,1960.0,1932.0,1901.0,1893.0,1862.0,1812.0,1787.0,1754.0,1736.0,1740.0,1717.0,1655.0,1651.0,1588.0,1513.0,1540.784,1445.901,1456.242,1705.0,1674.572,1709.469,1690.873,1443.0,1386.075,1331.0,1282.541,1245.0,1232.007,1220.172,1207.418,1200.0,1196.693,1194.974,1183.816,1176.0,1109.632,1052.381,999.456,949.0,973.329,992.818,1017.666,1022.0,1045.464,1050.379,1046.353,1047.0,1068.995,1085.853,1114.969,1173.0,1150.434,1154.978,1182.992,1171.0,-645.817,95.554,627.88,1139.0,1288.496,1225.908,1349.496,1340.0,4973.306,4402.727,3759.903,3297.0,3195.565,3084.413,3042.373,2993.0,,,,2654.0,2401.0,
so-financials,Other Operating Expenses,4734.0,4448.0,4541.0,4492.0,4457.0,4662.0,4211.0,4064.0,3846.0,4538.0,4846.0,5232.0,5259.0,4505.0,4234.0,3905.0,3843.0,3565.0,3546.0,3279.0,3206.0,3137.0,3091.0,4179.0,4401.0,4461.0,4438.0,6361.0,6372.0,6408.0,6302.0,3105.0,2930.0,2324.0,2157.0,2088.0,2034.0,1945.0,1931.0,1935.0,1945.0,1994.0,1960.0,1932.0,1901.0,1893.0,1862.0,1812.0,1787.0,1754.0,1736.0,1740.0,1717.0,1655.0,1651.0,1588.0,1513.0,1540.784,1445.901,1456.242,1705.0,1674.572,1709.469,1690.873,1443.0,1386.075,1331.0,1282.541,1245.0,1232.007,1220.172,1207.418,1200.0,1196.693,1194.974,1183.816,1176.0,1109.632,1052.381,999.456,949.0,973.329,992.818,1017.666,1022.0,1045.464,1050.379,1046.353,1047.0,1068.995,1085.853,1114.969,1173.0,1150.434,1154.978,1182.992,1171.0,-645.817,95.554,627.88,1139.0,1288.496,1225.908,1349.496,1340.0,4973.306,4402.727,3759.903,3297.0,3195.565,3084.413,3042.373,2993.0,0.0,0.0,0.0,2654.0,2401.0,
so-financials,Operating Income,7068.0,7217.0,6959.0,6310.0,5826.0,4756.0,4839.0,5204.0,5370.0,5057.0,4462.0,3504.0,3698.0,4552.0,4789.0,5150.0,4820.0,4750.0,4922.0,5198.0,5167.0,5139.0,4953.0,3718.0,3900.0,4014.0,4184.0,2436.0,2293.0,1925.0,1939.0,4854.0,4487.0,5025.0,4819.0,4674.0,4647.0,4517.0,4414.0,4396.0,4510.0,4718.0,4663.0,4650.0,4435.0,4410.0,4509.0,4562.0,4463.0,4238.0,4150.0,4143.0,4231.0,4112.0,3919.0,3734.0,3802.0,3808.853,3765.129,3700.323,3268.0,3260.294,3249.714,3287.588,3506.0,3445.886,3422.773,3342.762,3326.0,3385.896,3362.026,3325.034,3224.0,3159.026,3078.289,2992.614,2962.0,2941.769,2779.834,2753.361,2821.0,2793.439,2772.747,2859.052,2824.0,2822.204,2797.907,2675.398,2582.0,2572.726,2500.994,2427.506,2391.0,2399.395,2439.865,2452.805,2405.0,2054.471,2125.471,2194.612,2251.0,2253.007,2209.961,2191.399,2279.0,2774.941,2760.723,2695.242,2665.0,2594.214,2497.714,2574.669,2601.0,,,,2691.0,2426.0,
so-financials,Interest Expense / Income,2743.0,2685.0,2613.0,2529.0,2446.0,2373.0,2264.0,2142.0,2022.0,1946.0,1886.0,1848.0,1837.0,1829.0,1821.0,1815.0,1821.0,1785.0,1776.0,1761.0,1736.0,1749.0,1773.0,1814.0,1842.0,1832.0,1781.0,1735.0,1694.0,1651.0,1618.0,1487.0,1317.0,1141.0,985.0,872.0,840.0,823.0,812.0,842.0,835.0,819.0,814.0,819.0,824.0,838.0,854.0,859.0,859.0,868.0,867.0,846.0,857.0,867.0,875.0,895.0,895.0,886.098,887.443,901.273,905.0,885.779,878.5,874.618,866.0,877.911,891.631,885.259,886.0,905.134,888.087,876.846,866.0,829.909,808.276,783.087,747.0,725.283,695.88,680.332,640.0,605.784,570.234,533.824,527.0,511.093,506.177,495.208,492.0,496.284,508.903,531.821,557.0,579.693,612.636,635.785,643.0,346.789,417.757,472.94,527.0,547.772,529.283,542.72,558.0,898.102,888.069,848.174,839.0,748.551,705.348,684.883,664.0,,,,663.0,648.0,
so-financials,Other Expense / Income,-1045.0,-1084.0,-1077.0,-1085.0,-1092.0,-1049.0,-1027.0,-1019.0,-982.0,-908.0,-1031.0,-900.0,-814.0,-788.0,-614.0,-504.0,-528.0,-592.0,-550.0,-685.0,-3121.0,-2925.0,-3239.0,-3179.0,-633.0,-701.0,-358.0,-392.0,-423.0,-664.0,-537.0,-344.0,-274.0,281.0,350.0,269.0,192.0,92.0,343.0,291.0,667.0,656.0,396.0,856.0,1052.0,1001.0,859.0,410.0,-145.0,-117.0,-118.0,-105.0,-113.0,-139.0,-140.0,-149.0,-159.0,-205.518,-216.704,-242.865,-241.0,-177.0,-169.33,-64.578,-82.0,-154.976,-167.917,-218.761,-177.0,-89.669,-32.492,-29.514,5.0,30.042,40.552,52.803,29.0,9.168,0.188,11.379,64.0,115.117,182.012,198.229,205.0,219.836,230.81,250.647,244.0,246.66,191.215,169.751,14.0,-4.566,-87.671,-176.278,-139.0,-89.38,-178.548,-141.435,-151.0,-164.153,23.565,23.195,74.0,-16.806,-55.243,-5.776,15.0,78.833,88.831,73.668,53.0,,,,156.0,104.0,
so-financials,Pretax Income,5370.0,5616.0,5423.0,4866.0,4472.0,3432.0,3602.0,4081.0,4330.0,4019.0,3607.0,2556.0,2675.0,3511.0,3582.0,3839.0,3527.0,3557.0,3696.0,4122.0,6552.0,6315.0,6419.0,5083.0,2691.0,2883.0,2761.0,1093.0,1022.0,938.0,858.0,3711.0,3444.0,3603.0,3484.0,3533.0,3615.0,3602.0,3259.0,3263.0,3008.0,3243.0,3453.0,2975.0,2559.0,2571.0,2796.0,3293.0,3749.0,3487.0,3401.0,3402.0,3487.0,3384.0,3184.0,2988.0,3066.0,3128.273,3094.39,3041.915,2604.0,2551.515,2540.544,2477.548,2722.0,2722.951,2699.059,2676.264,2617.0,2570.431,2506.431,2477.702,2353.0,2299.075,2229.461,2156.724,2186.0,2207.318,2083.766,2061.65,2117.0,2072.538,2020.501,2126.999,2092.0,2091.275,2060.92,1929.543,1846.0,1829.782,1800.876,1725.934,1820.0,1824.268,1914.9,1993.298,1901.0,1797.062,1886.262,1863.107,1875.0,1869.388,1657.113,1625.484,1647.0,1893.645,1927.897,1852.844,1811.0,1766.83,1703.535,1816.118,1884.0,,,,1872.0,1674.0,
so-financials,Income Tax,969.0,894.0,814.0,622.0,496.0,396.0,513.0,719.0,795.0,608.0,566.0,250.0,267.0,500.0,421.0,438.0,393.0,369.0,443.0,583.0,1798.0,1723.0,1979.0,1695.0,449.0,422.0,389.0,-59.0,142.0,352.0,201.0,1049.0,951.0,1035.0,1096.0,1137.0,1194.0,1164.0,1056.0,1075.0,977.0,1081.0,1157.0,994.0,849.0,893.0,994.0,1165.0,1334.0,1194.0,1168.0,1188.0,1219.0,1224.0,1123.0,1021.0,1026.0,992.167,986.114,964.831,896.0,906.228,904.796,904.031,915.0,866.181,876.925,857.554,835.0,852.409,812.419,827.62,780.0,755.245,701.412,627.077,595.0,571.08,525.259,537.832,585.0,619.312,592.913,619.656,618.0,575.845,568.912,538.03,528.0,563.187,575.316,559.193,558.0,565.653,597.13,606.197,588.0,473.665,561.215,565.979,599.0,767.408,654.287,665.87,670.0,669.659,845.23,826.155,839.0,850.887,694.862,734.98,757.0,,,,769.0,685.0,
so-financials,Net Income,4401.0,4722.0,4609.0,4244.0,3976.0,3036.0,3089.0,3362.0,3535.0,3411.0,3041.0,2306.0,2408.0,3011.0,3161.0,3401.0,3134.0,3188.0,3253.0,3539.0,4754.0,4592.0,4440.0,3388.0,2242.0,2461.0,2372.0,1152.0,880.0,586.0,657.0,2662.0,2493.0,2568.0,2388.0,2396.0,2421.0,2438.0,2203.0,2188.0,2031.0,2162.0,2296.0,1981.0,1710.0,1678.0,1802.0,2128.0,2415.0,2293.0,2233.0,2214.0,2268.0,2160.0,2061.0,1967.0,2040.0,2136.106,2108.276,2077.084,1708.0,1645.287,1635.748,1573.517,1807.0,1856.77,1822.134,1818.71,1782.0,1718.022,1694.012,1650.082,1573.0,1543.83,1528.049,1529.647,1591.0,1636.238,1558.507,1523.818,1532.0,1453.226,1427.588,1507.343,1474.0,1515.43,1492.008,1391.513,1318.0,1266.595,1225.56,1166.741,1262.0,1258.615,1317.77,1387.101,1313.0,1323.397,1325.047,1297.128,1276.0,1101.98,1002.826,959.614,977.0,1223.986,1082.667,1026.689,972.0,915.943,1008.673,1081.138,1127.0,,,,1103.0,989.0,
so-financials,Preferred Dividends,0.0,0.0,0.0,0.0,0.0,1.0,4.0,8.0,11.0,15.0,16.0,16.0,15.0,16.0,16.0,16.0,15.0,16.0,16.0,15.0,15.0,15.0,15.0,16.0,16.0,18.0,24.0,31.0,38.0,43.0,44.0,45.0,45.0,46.0,46.0,48.0,54.0,59.0,65.0,68.0,68.0,68.0,68.0,67.0,66.0,65.0,65.0,65.0,65.0,65.0,65.0,65.0,65.0,65.0,65.0,65.0,65.0,65.415,64.61,64.805,65.0,65.0,65.0,65.0,65.0,96.585,80.39,64.195,48.0,0.0,0.0,0.0,0.0,0.0,0.0,0.0,0.0,0.0,0.0,0.0,0.0,0.0,0.0,0.0,0.0,0.0,0.0,0.0,0.0,0.0,0.0,0.0,0.0,0.0,0.0,0.0,0.0,0.0,0.0,0.0,0.0,0.0,0.0,0.0,0.0,0.0,0.0,0.0,0.0,0.0,0.0,0.0,0.0,,,,0.0,0.0,
so-financials,Net Income Common,4401.0,4722.0,4609.0,4244.0,3976.0,3035.0,3085.0,3354.0,3524.0,3396.0,3025.0,2290.0,2393.0,2995.0,3145.0,3385.0,3119.0,3172.0,3237.0,3524.0,4739.0,4577.0,4425.0,3372.0,2226.0,2443.0,2348.0,1121.0,842.0,543.0,613.0,2617.0,2448.0,2522.0,2342.0,2348.0,2367.0,2379.0,2138.0,2120.0,1963.0,2094.0,2228.0,1914.0,1644.0,1613.0,1737.0,2063.0,2350.0,2228.0,2168.0,2149.0,2203.0,2095.0,1996.0,1902.0,1975.0,2070.691,2043.666,2012.279,1643.0,1580.287,1570.748,1508.517,1742.0,1760.185,1741.744,1754.515,1734.0,1718.022,1694.012,1650.082,1573.0,1543.83,1528.049,1529.647,1591.0,1636.238,1558.507,1523.818,1532.0,1453.226,1427.588,1507.343,1474.0,1515.43,1492.008,1391.513,1318.0,1266.595,1225.56,1166.741,1262.0,1258.615,1317.77,1387.101,1313.0,1323.397,1325.047,1297.128,1276.0,1101.98,1002.826,959.614,977.0,1223.986,1082.667,1026.689,972.0,915.943,1008.673,1081.138,1127.0,,,,1103.0,989.0,
so-financials,Net Income Growth,0.10689134808853118,0.555848434925865,0.494003241491086,0.2653548002385211,0.12826333711691262,-0.10630153121319197,0.01983471074380172,0.4646288209606988,0.47262849979105725,0.13388981636060104,-0.038155802861685184,-0.32348596750369274,-0.23276691247194614,-0.055800756620428715,-0.02842137781896814,-0.03944381384790008,-0.341844270943237,-0.30696963076250816,-0.2684745762711864,0.04507710557532629,1.1289308176100628,0.8735161686451085,0.8845826235093697,2.008028545941124,1.643705463182898,3.499079189686925,2.830342577487765,-0.5716469239587314,-0.6560457516339869,-0.7846946867565424,-0.7382578992314262,0.11456558773424197,0.034220532319391594,0.060109289617486406,0.09541627689429366,0.10754716981132084,0.205807437595517,0.13610315186246424,-0.04039497307001794,0.1076280041797284,0.19403892944038925,0.2982021078735275,0.282671272308578,-0.07222491517207952,-0.30042553191489363,-0.276032315978456,-0.19880073800738007,-0.04001861330851564,0.06672719019518847,0.06348448687350827,0.08617234468937873,0.1298633017875921,0.11544303797468358,0.011739559403117106,-0.02332377208408809,-0.05480303675583753,0.20206938527084595,0.31032590915447633,0.30107821241854205,0.3339451925301471,-0.05683122847301947,-0.10220402969006104,-0.09817516236599633,-0.14020854766131952,0.0046136101499423265,0.024541594927189436,0.02817689603143303,0.06328958197228984,0.10235219326128409,0.11283107596043607,0.10861104584996939,0.07873385166643021,-0.011313639220616012,-0.05647589164901434,-0.019543062687559343,0.003825259971991457,0.03851174934725843,0.12593498877669407,0.09170643070689866,0.010929828181110768,0.03934871099050197,-0.04104709554383901,-0.04317671218921082,0.0832403290519026,0.11836115326251906,0.19645979969919347,0.21740918437285806,0.1926494397642664,0.044374009508716394,0.006340302634244788,-0.06997427472168893,-0.158863702066396,-0.0388423457730388,-0.048951297305343755,-0.005491880665365101,0.06936323940274214,0.028996865203761768,0.2009265140928147,0.3213129695480572,0.35171850348160816,0.30603889457523037,-0.09967924469724332,-0.07374474330518987,-0.06533137103835729,0.005144032921810648,0.33631241245361343,0.07335776807746419,-0.05036267340524525,-0.1375332741792369,,,,0.021758839528558394,,,,,,
so-financials,Shares Outstanding (Basic),1096.0,1097.0,1096.0,1094.0,1092.0,1092.0,1092.0,1091.0,1075.0,1082.0,1065.0,1063.0,1061.0,1061.0,1061.0,1060.0,1058.0,1058.0,1058.0,1057.0,1046.0,1048.0,1044.0,1038.0,1020.0,1023.0,1014.0,1011.0,1000.0,1003.0,998.0,993.0,951.0,968.0,934.0,916.0,910.0,910.0,909.0,910.0,897.0,898.0,895.0,890.0,877.0,878.0,874.0,870.0,871.0,876.0,872.0,868.0,857.0,860.0,855.0,848.0,832.0,836.0,828.0,823.0,795.0,798.418,790.748,779.858,771.0,772.622,769.122,766.15,756.0,758.308,755.137,750.259,743.0,742.884,742.515,742.195,744.0,743.214,746.823,744.025,739.0,739.345,738.185,736.638,727.0,729.816,724.627,718.943,708.0,710.647,706.181,701.012,689.0,691.687,686.702,682.575,653.0,649.347,648.696,653.134,685.0,678.472,693.465,698.527,697.0,697.797,697.659,695.051,685.0,687.159,682.786,678.826,673.0,673.651,671.757,670.105,665.0,650.0,
so-financials,Shares Outstanding (Diluted),1102.0,1103.0,1102.0,1100.0,1098.0,1099.0,1098.0,1098.0,1081.0,1088.0,1072.0,1069.0,1068.0,1068.0,1067.0,1066.0,1065.0,1064.0,1063.0,1067.0,1054.0,1057.0,1052.0,1045.0,1025.0,1029.0,1014.0,1016.0,1008.0,1010.0,1005.0,1000.0,958.0,975.0,940.0,922.0,914.0,912.0,912.0,915.0,901.0,902.0,899.0,893.0,881.0,881.0,879.0,875.0,879.0,883.0,880.0,877.0,864.0,868.0,862.0,854.0,837.0,842.0,833.0,825.0,796.0,800.178,792.068,781.645,775.0,776.903,773.14,770.322,761.0,762.392,759.846,755.352,748.0,747.56,746.387,747.039,749.0,747.817,751.016,748.672,743.0,743.695,742.453,741.603,732.0,734.855,730.286,724.891,714.0,716.464,712.165,706.298,694.0,691.728,691.404,684.968,654.0,650.869,648.696,653.134,686.0,678.472,693.465,698.527,697.0,697.797,697.659,695.051,685.0,687.159,682.786,678.826,673.0,,,,665.0,650.0,
so-financials,Shares Change,0.0036429872495447047,0.0036396724294813776,0.0036429872495447047,0.0018214936247722413,0.015726179463459777,0.010110294117646967,0.02425373134328357,0.027128157156220745,0.01217228464419473,0.01872659176029967,0.004686035613870709,0.0028142589118198558,0.0028169014084507005,0.003759398496240518,0.0037629350893697566,-0.0009372071227741197,0.010436432637571214,0.0066225165562914245,0.010456273764258617,0.021052631578947434,0.028292682926829293,0.027210884353741527,0.03747534516765283,0.028543307086614123,0.016865079365079305,0.01881188118811883,0.008955223880596996,0.016000000000000014,0.05219206680584554,0.03589743589743599,0.06914893617021267,0.08459869848156187,0.04814004376367609,0.06907894736842102,0.030701754385964897,0.007650273224043769,0.01442841287458374,0.011086474501108556,0.014460511679644128,0.024636058230683044,0.022701475595913845,0.023836549375709337,0.022753128555176305,0.020571428571428463,0.0022753128555177415,-0.0022650056625141968,-0.001136363636363602,-0.0022805017103763037,0.01736111111111116,0.017281105990783363,0.02088167053364276,0.02693208430913341,0.032258064516129004,0.030878859857482288,0.034813925570228,0.035151515151515156,0.051507537688442184,0.05226587084373735,0.051677381234944475,0.05546635621030016,0.02709677419354839,0.029958694972216593,0.024481982564606763,0.014699047930605724,0.018396846254927768,0.01903351556679511,0.017495650434430132,0.019818574651288445,0.017379679144384985,0.019840547915886297,0.01803220045365217,0.01112793307979909,-0.001335113484646211,-0.0003436669666508907,-0.006163650308382285,-0.002181195503504818,0.008075370121130465,0.005542594746502205,0.011533389992363086,0.009532054212294083,0.015027322404371546,0.012029584067605237,0.01666059598568226,0.023054500607677664,0.025210084033613356,0.02566911945331518,0.02544494604480696,0.026324582541646713,0.028818443804034644,0.03575972058381338,0.030027306755529226,0.031140140853295417,0.06116207951070329,0.06277607321903478,0.06583669392134373,0.048740380993792964,-0.04664723032069973,-0.04068406654954071,-0.06455841318595745,-0.06498388752331696,-0.015781922525107572,-0.02769430077801993,-0.0060115328548761005,0.005001071863791395,0.01751824817518255,0.015481133187515539,0.021782813355868402,0.023901559457062627,0.017830609212481363,0.020051925997289333,0.016418139297394774,0.013014378343692456,0.012030075187969835,0.036386153846153846,,,,,
so-financials,EPS (Basic),4.02,4.31,4.21,3.88,3.64,2.76,2.82,3.09,3.28,3.17,2.85,2.16,2.26,2.83,2.97,3.2,2.95,2.99,3.07,3.35,4.53,4.39,4.27,3.26,2.18,2.41,2.34,1.11,0.84,0.52,0.63,2.68,2.57,2.68,2.55,2.57,2.6,2.61,2.36,2.35,2.19,2.34,2.51,2.17,1.88,1.84,1.98,2.35,2.7,2.54,2.5,2.5,2.57,2.45,2.36,2.27,2.37,2.5,2.51,2.5,2.07,2.0,2.02,1.95,2.26,2.28,2.27,2.3,2.29,2.28,2.27,2.22,2.12,2.08,2.06,2.06,2.14,2.19,2.09,2.05,2.07,1.97,1.95,2.07,2.03,2.09,2.08,1.95,1.86,1.79,1.75,1.67,1.83,1.82,1.97,2.1,2.01,2.04,1.99,1.92,1.86,1.59,1.43,1.37,1.4,1.76,1.57,1.49,1.42,1.35,1.49,1.61,1.68,,,,1.66,1.52,
so-financials,EPS (Diluted),3.99,4.29,4.19,3.86,3.62,2.74,2.8,3.07,3.26,3.15,2.83,2.15,2.24,2.8,2.95,3.18,2.93,2.98,3.05,3.32,4.5,4.35,4.23,3.23,2.17,2.39,2.32,1.1,0.84,0.52,0.63,2.66,2.55,2.65,2.53,2.56,2.59,2.61,2.36,2.35,2.18,2.34,2.51,2.17,1.87,1.84,1.98,2.35,2.67,2.53,2.48,2.47,2.55,2.42,2.33,2.24,2.36,2.48,2.5,2.49,2.06,1.99,2.0,1.94,2.25,2.27,2.27,2.29,2.28,2.26,2.25,2.21,2.1,2.08,2.06,2.06,2.13,2.19,2.09,2.04,2.06,1.96,1.93,2.05,2.02,2.07,2.06,1.93,1.85,1.77,1.73,1.66,1.82,1.81,1.97,2.1,2.01,2.04,1.99,1.92,1.86,1.59,1.43,1.37,1.4,1.76,1.57,1.49,1.42,1.35,1.49,1.61,1.68,,,,1.66,1.52,
so-financials,EPS Growth,0.10220994475138134,0.5656934306569341,0.49642857142857166,0.25732899022801314,0.11042944785276076,-0.13015873015873003,-0.010600706713780994,0.4279069767441861,0.45535714285714257,0.125,-0.04067796610169494,-0.32389937106918243,-0.23549488054607504,-0.06040268456375841,-0.032786885245901565,-0.04216867469879504,-0.3488888888888888,-0.3149425287356321,-0.27895981087470456,0.02786377708978316,1.0737327188940093,0.8200836820083679,0.8232758620689657,1.936363636363636,1.5833333333333335,3.596153846153846,2.6825396825396823,-0.5864661654135338,-0.6705882352941177,-0.8037735849056604,-0.7509881422924901,0.0390625,-0.015444015444015413,0.015325670498084198,0.07203389830508478,0.08936170212765959,0.18807339449541272,0.11538461538461542,-0.05976095617529875,0.08294930875576045,0.1657754010695187,0.2717391304347825,0.2676767676767675,-0.07659574468085117,-0.29962546816479396,-0.2727272727272726,-0.2016129032258065,-0.04858299595141702,0.04705882352941182,0.045454545454545414,0.06437768240343344,0.1026785714285714,0.0805084745762712,-0.024193548387096753,-0.06799999999999995,-0.10040160642570284,0.14563106796116498,0.24623115577889454,0.25,0.28350515463917536,-0.08444444444444443,-0.12334801762114533,-0.11894273127753308,-0.15283842794759828,-0.013157894736842035,0.004424778761062065,0.008888888888888946,0.03619909502262453,0.08571428571428563,0.08653846153846145,0.09223300970873782,0.07281553398058249,-0.014084507042253391,-0.05022831050228305,-0.014354066985645786,0.009803921568627416,0.03398058252427183,0.11734693877551017,0.08290155440414493,-0.004878048780487698,0.01980198019801982,-0.05314009661835739,-0.06310679611650494,0.06217616580310881,0.09189189189189184,0.1694915254237288,0.19075144508670516,0.16265060240963858,0.016483516483516425,-0.02209944751381221,-0.12182741116751272,-0.20952380952380956,-0.0945273631840795,-0.11274509803921573,-0.01005025125628145,0.09375,0.08064516129032251,0.28301886792452824,0.39160839160839167,0.4014598540145984,0.32857142857142874,-0.09659090909090906,-0.08917197452229308,-0.08053691275167774,-0.014084507042253502,0.3037037037037036,0.05369127516778538,-0.07453416149068326,-0.15476190476190477,,,,0.012048192771084265,,,,,,
so-financials,Free Cash Flow Per Share,0.857,0.315,-0.455,-1.099,-1.396,-1.399,-2.673,-2.53,-1.319,-1.728,-0.655,-0.746,-1.452,-0.775,-0.799,-0.539,-0.781,-1.342,-1.25,-1.58,-1.858,-1.485,-1.497,-1.64,-0.986,-0.994,-0.51,-0.388,-0.77,-1.189,-1.708,-2.227,-2.668,-1.892,-0.565,0.036,1.101,1.413,1.011,0.405,0.515,0.968,0.571,1.052,0.579,0.015,0.209,0.422,0.006,0.411,0.625,0.804,1.839,1.185,0.888,0.335,-0.079,0.087,-0.308,-0.633,-1.072,-0.654,-1.166,-0.671,-0.493,-0.385,-0.051,-0.047,-0.054,-0.013,-0.42,-0.223,-0.032,-0.37,0.315,0.149,0.228,0.694,0.643,0.818,0.919,1.85,1.301,1.246,1.523,0.44,0.783,0.472,0.177,0.227,-0.108,0.118,-0.338,-0.483,-0.32,-0.348,0.231,0.54,0.54,0.755,0.493,0.66,0.701,0.863,1.498,0.829,1.068,1.009,1.165,1.84,2.18,2.216,2.055,,,,1.806,1.148,
so-financials,Dividend Per Share,2.86,2.84,2.82,2.8,2.78,2.76,2.74,2.72,2.7,2.68,2.66,2.64,2.62,2.6,2.58,2.56,2.54,2.52,2.5,2.48,2.46,2.44,2.42,2.4,2.38,2.36,2.34,2.32,2.3,2.28,2.26,2.24,2.223,2.205,2.188,2.171,2.153,2.135,2.117,2.1,2.083,2.065,2.047,2.03,2.013,1.995,1.977,1.96,1.942,1.925,1.907,1.89,1.873,1.855,1.838,1.82,1.802,1.785,1.768,1.75,1.732,1.715,1.697,1.68,1.663,1.645,1.628,1.61,1.595,1.58,1.565,1.55,1.535,1.52,1.505,1.49,1.475,1.46,1.445,1.422,1.415,1.408,1.4,1.392,1.385,1.378,1.17,1.163,1.155,1.147,1.34,1.34,1.34,1.34,1.34,1.34,1.34,1.34,1.34,1.34,1.34,1.34,1.34,1.34,1.34,1.33,1.32,1.31,1.3,1.29,1.28,1.27,1.26,1.25,1.24,1.23,1.22,1.18,
so-financials,Dividend Growth,0.02877697841726623,0.02898550724637694,0.029197080291970767,0.02941176470588225,0.02962962962962945,0.02985074626865658,0.03007518796992481,0.030303030303030276,0.03053435114503822,0.030769230769230882,0.03100775193798455,0.03125,0.03149606299212593,0.031746031746031855,0.03200000000000003,0.032258064516129004,0.03252032520325199,0.032786885245901676,0.03305785123966953,0.03333333333333344,0.03361344537815136,0.033898305084745894,0.03418803418803429,0.034482758620689724,0.034782608695652195,0.03508771929824572,0.03539823008849563,0.03571428571428559,0.034637876743139895,0.034013605442176686,0.03290676416818994,0.031782588668816336,0.03251277287505805,0.032786885245901676,0.03353802550779417,0.033809523809523734,0.03360537686029752,0.03389830508474567,0.03419638495359045,0.034482758620689724,0.03477396920019893,0.0350877192982455,0.035407182599898945,0.03571428571428559,0.0365602471678681,0.036363636363636376,0.03670686942842161,0.03703703703703698,0.03683929524826479,0.037735849056603765,0.037540805223068574,0.038461538461538325,0.03940066592674807,0.03921568627450989,0.039592760180995556,0.040000000000000036,0.04041570438799069,0.04081632653061207,0.041838538597525066,0.04166666666666674,0.04149128081779918,0.042553191489361764,0.042383292383292526,0.04347826086956519,0.04263322884012544,0.04113924050632911,0.04025559105431298,0.03870967741935494,0.039087947882736174,0.03947368421052633,0.039867109634551534,0.04026845637583887,0.04067796610169472,0.041095890410958846,0.04152249134948094,0.047819971870604716,0.042402826855123754,0.03693181818181812,0.03214285714285725,0.02155172413793105,0.02166064981949467,0.021770682148040565,0.19658119658119655,0.19690455717970745,0.19913419913419905,0.20139494333042718,-0.1268656716417912,-0.13208955223880603,-0.13805970149253732,-0.14402985074626873,0.0,0.0,0.0,0.0,0.0,0.0,0.0,0.0,0.0,0.0,0.0,0.007518796992481258,0.015151515151515138,0.022900763358778553,0.030769230769230882,0.03100775193798455,0.03125,0.03149606299212593,0.031746031746031855,0.03200000000000003,0.032258064516129004,0.03252032520325199,0.032786885245901676,0.05932203389830515,,,,,
so-financials,Gross Margin,0.44162550516389765,0.44138792190101406,0.44003979490319123,0.42495770880050354,0.4071991446560805,0.3587126261664445,0.32727009727696815,0.31836762735735635,0.3147648485262475,0.34269081038608523,0.359952047642987,0.36627395077774516,0.3875308268074244,0.4031963673596581,0.4130464637216754,0.42577702543847273,0.42517791411042943,0.4122050366845132,0.4121282912347301,0.4031866825208086,0.3909146085251412,0.37890303085798005,0.36553667181677724,0.35043266030619036,0.35330921472653753,0.35630202640208525,0.3618432096692966,0.372265244805552,0.3762320350831488,0.3689943763007572,0.363905325443787,0.36719723183391,0.3727885002010454,0.4019581031559372,0.400459242250287,0.3909122441900798,0.38201155011721655,0.36024082952391573,0.3549451778921459,0.35160502054870596,0.34954242703200306,0.36523915764270554,0.3668235945721407,0.36907031512840643,0.3708082167729853,0.37377690802348335,0.3770938147380882,0.37872846108140223,0.3779403761262623,0.3624924379915305,0.3480986456916435,0.34106325004348076,0.33686356685733704,0.32523122039251073,0.3160463004993191,0.3074345791693143,0.30447983501374887,0.31111499724310143,0.31474169495309073,0.3176458369638997,0.3158864257130153,0.30774905728634544,0.2955347121583822,0.2909611623856536,0.2889589536988381,0.2899474202032097,0.29580741109486325,0.29597694180309886,0.2977268286328405,0.3045206439065346,0.3079054638023781,0.30830051731776187,0.30816383393702984,0.3005274334529587,0.29878597438261983,0.30197834743167684,0.30529732920171165,0.31623050274034104,0.32218470337382105,0.31847486128101365,0.32142552647284506,0.32657477562098763,0.3304805976439435,0.3458490368425156,0.3490651660918497,0.3486019618024557,0.34851481956370417,0.34305754221263507,0.3451588358379304,0.35523492220959,0.3527570412305698,0.3507723978544559,0.35096011816838996,0.3449764107372326,0.3482370444107354,0.35354210920646467,0.35525531492151796,0.17349182072722874,0.2565079053437583,0.3161734048852486,0.3638510250080498,0.3687816761219716,0.36852154694425965,0.37486893490447704,0.38098747236551217,0.640180100683867,0.563268415412314,0.515526420514919,0.47276187455396085,0.4904350087396483,0.523320464992748,0.5342918745153052,0.5400656497393319,,,,0.5822440087145969,0.5817765457394238,
so-financials,Operating Margin,0.26448136506511,0.27308158014227335,0.2662814724114181,0.2482395058814273,0.23070526274106046,0.18114644829556276,0.1749900553285358,0.17876404108412627,0.1834079032753851,0.18061359334261937,0.17255114273560462,0.14691207915810658,0.15999653874442954,0.20264434848417398,0.2192263675898375,0.24215921380542624,0.2365644171779141,0.235474915724767,0.23954835255755097,0.2472294887039239,0.24123441804005788,0.23528065195494918,0.22507497955103153,0.16498779676059463,0.16599276441796126,0.16875472967291685,0.17559174080913212,0.10308493081122255,0.09956146064000694,0.08524111056989771,0.08562218493332156,0.2239446366782007,0.22552271813429836,0.2748454848766614,0.2766360505166475,0.2702046479361776,0.26570987477843216,0.2518117961868659,0.24692324904900426,0.24414084194157504,0.24421941842205014,0.25673396092942263,0.2582664081971753,0.2607379163395761,0.2595540469362673,0.261519302615193,0.26688369340041435,0.27106357694592986,0.2698796637842414,0.25638233514821535,0.24543142705068308,0.24018783697605658,0.2396216797870533,0.23189713512294158,0.2223672265093055,0.21570099936456588,0.21780476626947753,0.22150872864726687,0.22741052789506785,0.22794092508710126,0.2075843231912596,0.20331907796003543,0.19366159538518032,0.19213978495063558,0.20470601973492147,0.20677438332270423,0.21298484801344078,0.21390608873312955,0.21663518530580342,0.22327780166031203,0.22591476292505347,0.22617111053777225,0.224575090554472,0.21796033582312502,0.2152335529772683,0.21638208475202508,0.21853327431016675,0.22961861583584306,0.23370817992165432,0.2336581460091321,0.24051496291243926,0.24218818749546456,0.24334703707822106,0.25506120911623387,0.25630785986567434,0.25437184655113565,0.2533886653073667,0.24660850828564282,0.24557732547080083,0.25095885172878146,0.24596623262029507,0.24036926172409934,0.23545051698670605,0.23317592904921963,0.23635284666429074,0.23850887526783332,0.23892310749056228,0.2530315566642273,0.245472299536882,0.24583876533291332,0.2416013738327788,0.2346087798808966,0.23703413791575959,0.23199993478505748,0.23991999157806085,0.22927276437777352,0.217078093600476,0.2152497675391446,0.21132344778368092,0.21974817445752556,0.2341589239906037,0.24490198333330004,0.2511102529445839,,,,0.2931372549019608,0.29239484150897915,
so-financials,Profit Margin,0.16468343062415805,0.17867413349477826,0.17636029693120073,0.1669617215468744,0.15744664000316794,0.11559702913730718,0.11156113260767367,0.11521418020679468,0.1203593018887257,0.12129004607307403,0.1169805483584052,0.09601274579682194,0.10353480725133042,0.13333036548991675,0.14396887159533073,0.15916678421968308,0.153079754601227,0.15724767003767598,0.15754124689735727,0.1676099881093936,0.2212521592978197,0.20955040747184323,0.20108152322093975,0.14963390281783892,0.0947435624600979,0.10270747498528546,0.09853953332214202,0.04743768778299691,0.036559419912292127,0.024044635345171147,0.027068798021725692,0.12073817762399078,0.12303980699638119,0.1379423508176995,0.13444316877152698,0.13573823563417736,0.13534221510663846,0.13262348087858178,0.119601700604162,0.11773853160057758,0.10629772025775708,0.11394678130271535,0.12340072002215453,0.10732309072558036,0.0962134956399602,0.09565320524224634,0.10281148268718555,0.12257872846108141,0.14210558142347463,0.13478523895946765,0.128215743095393,0.1245869325758015,0.12476638160502916,0.11814798105120686,0.11325465274625511,0.1098723355092138,0.11314161319890009,0.1204236894496421,0.12343565490085512,0.12395694559457297,0.10436384424823732,0.09855016012428036,0.09360625692848086,0.08816376382149403,0.10171074910959305,0.10562194103602794,0.10838144426122398,0.11227285737770346,0.11294209600729499,0.11329236791799056,0.11383086251331657,0.11223971797533148,0.10957091111730287,0.10651818163377418,0.10684098062052062,0.11060170365930284,0.11738232256160543,0.1277159099637015,0.13102790827263705,0.12931558511046815,0.13061642083724104,0.12599314714274554,0.12529066300258315,0.1344728001214708,0.13378108549646034,0.13658924989794766,0.13512168765720717,0.12826463396850848,0.12535666730074188,0.12355113867758011,0.12053062744258036,0.11552954876043042,0.12427375677006401,0.12231363403703165,0.12765406723273723,0.13488063641132778,0.13043910192727995,0.16299144791762374,0.1530307089978865,0.14530329096840408,0.13695395513577333,0.1147507234789552,0.10756026752938605,0.10159281145005002,0.10285293188756711,0.10112887221014556,0.08513106471172463,0.08199433245140764,0.07707556894774403,0.07758681518068646,0.09456238157706374,0.10283762318845542,0.10880478856922186,,,,0.12015250544662309,0.11919971073882125,
so-financials,Free Cash Flow Margin,0.03513695554557701,0.013092174965945209,-0.019093900665799343,-0.0472874621346237,-0.06034926543380984,-0.05819843839268711,-0.10555816728745525,-0.09480952217374876,-0.04843061579971993,-0.06678809957498483,-0.026992536447658456,-0.03324808184143223,-0.06667243542595076,-0.036593509326447934,-0.0388189517051957,-0.026849108948135608,-0.040539877300613494,-0.07039460638508824,-0.06438896189224705,-0.07942925089179548,-0.09071385218731033,-0.0712388975368556,-0.07102608379532854,-0.07552695806523187,-0.04281762077037667,-0.04275624316825023,-0.021697163001510828,-0.016588379670771446,-0.033433198732143635,-0.05282734800513661,-0.07528923430186346,-0.10200692041522491,-0.12751306795335746,-0.1001476781709785,-0.03030998851894374,0.0019077349982656955,0.05729315569786723,0.07169138142490801,0.05140971134481987,0.020493168943685438,0.025017598960307575,0.04728737008216793,0.028302409304901688,0.05248401928899854,0.02973020424884415,0.0007709185791377572,0.010831606984314885,0.021806298276886512,0.0003023523009010099,0.021778584392014518,0.03223135608255959,0.04046611397762189,0.08925638556946254,0.057466726821565534,0.043066273263731275,0.016405753567096067,-0.003780934922089826,0.004248258233897238,-0.015381243254549308,-0.032088939959625945,-0.05411929111351077,-0.03255792808354688,-0.05492815595170882,-0.030581523035380184,-0.02218718981724762,-0.017856752817109148,-0.002441741078373417,-0.002321715010346356,-0.0026704878525369634,-0.000674008419269242,-0.0213063121118002,-0.011372991527546781,-0.0016717748676511562,-0.018956390490632337,0.016345306807321196,0.008021269349822816,0.012542422900988639,0.040280937254713406,0.040402402260008984,0.05164975561611936,0.057890698269247164,0.11856946409740729,0.08429044964858903,0.08187449717992541,0.10047195498275549,0.02893464386955435,0.05140673420420545,0.03129489565910077,0.011888910024728933,0.015704400831676273,-0.00746889419571406,0.00818154542943063,-0.022944362383062532,-0.032481628149409775,-0.021282329700046797,-0.023116002028410385,0.015000993443274388,0.04316487397015503,0.040470047466709784,0.055255057724633856,0.0362777718149619,0.04660098960237528,0.05215003946527158,0.06382626654617429,0.10990630592693967,0.0477731977331671,0.05859778014002431,0.05599417576045227,0.06327809055586393,0.10711102847469314,0.13954807402856748,0.14305769614723934,0.1335199845530025,,,,0.13082788671023965,0.0899120163914668,
so-financials,Effective Tax Rate,0.18044692737430168,0.15918803418803418,0.15010141987829614,0.12782572955199342,0.11091234347048301,0.11538461538461539,0.14242087729039424,0.17618230825777995,0.1836027713625866,0.1512814132868873,0.15691710562794567,0.09780907668231612,0.09981308411214954,0.14240956992309883,0.1175321049692909,0.11409221151341495,0.11142614119648427,0.10373910598819229,0.11985930735930736,0.14143619602134885,0.27442002442002444,0.2728424386381631,0.30830347406138026,0.3334644894747196,0.16685247120029728,0.14637530350329517,0.14089098152843174,-0.053979871912168347,0.13894324853228962,0.3752665245202559,0.23426573426573427,0.28267313392616544,0.2761324041811847,0.28726061615320564,0.3145809414466131,0.32182281347296915,0.33029045643153526,0.3231538034425319,0.32402577477753913,0.329451425068955,0.3248005319148936,0.3333333333333333,0.3350709527946713,0.3341176470588235,0.33177022274325907,0.34733566705562036,0.35550786838340487,0.353780747039174,0.3558282208588957,0.34241468310868944,0.34342840341076153,0.3492063492063492,0.3495841697734442,0.3617021276595745,0.35270100502512564,0.34170013386880854,0.33463796477495106,0.317161257984837,0.31867799469362296,0.31717881663360087,0.34408602150537637,0.35517251515276216,0.3561426214228134,0.3648893987119523,0.3361498897869214,0.3181037778498401,0.32490027079808187,0.3204295241426107,0.319067634696217,0.33162103942879617,0.3241337982174654,0.3340272559008307,0.3314917127071823,0.32849950523580135,0.3146105717929132,0.2907544034378066,0.2721866422689844,0.2587212173325275,0.25207196969333406,0.260874542235588,0.27633443552196507,0.2988181640095381,0.29344850608834144,0.29132876884286263,0.2954110898661568,0.2753559431447323,0.27604759039652194,0.2788380461072907,0.28602383531960995,0.30778912460610064,0.31946452726339847,0.3239944285239181,0.3065934065934066,0.31007121760618506,0.31183351611050186,0.30411759807113636,0.3093108890057864,0.26357743917572124,0.29752759690859487,0.30378233778306885,0.3194666666666667,0.4105129593214464,0.3948354759150402,0.4096441429137414,0.4068002428658166,0.3536349210121221,0.43842072475863597,0.44588481275271963,0.4632799558255108,0.4815896266194257,0.4078941729990872,0.4046983731233323,0.4018046709129512,,,,0.4107905982905983,0.4091995221027479,
so-financials,EBITDA,13379.0,13504.0,13158.0,12409.0,11904.0,10484.0,10371.0,10531.0,10416.0,10078.0,9512.0,8402.0,8485.0,9286.0,9341.0,9574.0,9253.0,9062.0,9096.0,9312.0,11619.0,11480.0,11614.0,10424.0,8082.0,8255.0,8066.0,6335.0,6173.0,5967.0,5776.0,8305.0,7684.0,7461.0,6999.0,6861.0,6850.0,6707.0,6353.0,6389.0,6136.0,6433.0,6607.0,6111.0,5681.0,5677.0,5871.0,6336.0,6753.0,6475.0,6369.0,6324.0,6392.0,6235.0,6033.0,5793.0,5792.0,5868.517,5742.479,5696.355,5297.0,5186.452,5186.608,5105.31,5292.0,5244.083,5175.969,5091.309,4989.0,4945.473,4851.981,4787.505,4640.0,4535.678,4444.58,4346.686,4331.0,4277.635,4058.085,3944.592,3918.0,4471.642,4209.32,4121.374,3900.0,3300.428,3432.615,3457.138,3523.0,3534.511,3556.046,3562.485,3735.0,3714.101,3826.211,3937.987,3881.0,3328.828,3519.88,3549.951,3618.0,3645.29,3537.711,3668.233,3735.0,4622.463,4604.657,4333.145,4242.0,4052.31,3822.094,3880.51,3886.0,,,,3669.0,3372.0,
so-financials,EBITDA Margin,0.5006361323155216,0.5109732102315726,0.503482054029234,0.48817813446634406,0.4713895378766879,0.3993144163016568,0.37504068274689906,0.36175328913469135,0.3557498548447693,0.3599414264795171,0.3678409837967439,0.35227034505890736,0.3671094189417211,0.413390909495615,0.4276035706111238,0.450181031645272,0.45413496932515335,0.4492365655363871,0.44269236384873706,0.4429013079667063,0.5424622998272561,0.5255928944235876,0.5277651549577388,0.4625693365875305,0.34398808257075975,0.34705288825359454,0.3385093167701863,0.26808006432228854,0.2680300464591203,0.26422530221848295,0.25505608054402545,0.3831603229527105,0.38620828307197425,0.4080840124706011,0.40177956371986223,0.39663544918487686,0.39167476699639775,0.37389898539413535,0.35539270530319983,0.3548261690547595,0.33226837060702874,0.35005713663818905,0.36593741345887565,0.34266008747336546,0.33247498097969214,0.3366542133665421,0.34749926013613497,0.3764705882352941,0.4083570175969039,0.3917120387174834,0.3766633153941688,0.36662994956229344,0.36200940137056126,0.35162418226934355,0.3423172945982751,0.33464271272601237,0.3318056828597617,0.3412911287767925,0.3468407538802366,0.3508970509667763,0.3364670012068856,0.32343851153423026,0.3090877473887054,0.29837472502829715,0.3089858118759853,0.31467727847586274,0.32207890233657943,0.32579704888406086,0.32495277795870514,0.3261217531815591,0.3260338073922878,0.3256493986392733,0.3232098077458902,0.3129438947528637,0.31076443598755904,0.31428877177024533,0.31953666814224585,0.3338891081356002,0.3411742065595883,0.33474944022322334,0.33404382300281354,0.3876866010349945,0.36942625854940875,0.36767524188444606,0.3539662370666183,0.2974752940499948,0.3108701373433951,0.31866647321916614,0.33507704013696027,0.34477702716214126,0.3497278432673049,0.35275376841629974,0.36779911373707536,0.36094055012102455,0.37064995882486224,0.38292683282582557,0.38555533479038345,0.4099831687609444,0.40651367988266135,0.3976628082013317,0.3883224213802726,0.37958916204522825,0.3794448305106288,0.38835000690262056,0.39319928413517213,0.381919785049115,0.3620682564835686,0.3460574055923018,0.3363730076916977,0.3432591624422563,0.35831861391293895,0.3691133094563628,0.37516895153504537,,,,0.3996732026143791,0.4064119561287212,
so-financials,Depreciation & Amortization,5266.0,5203.0,5122.0,5014.0,4986.0,4679.0,4505.0,4308.0,4064.0,4113.0,4019.0,3998.0,3973.0,3946.0,3938.0,3920.0,3905.0,3720.0,3624.0,3429.0,3331.0,3416.0,3422.0,3527.0,3549.0,3540.0,3524.0,3507.0,3457.0,3378.0,3300.0,3107.0,2923.0,2717.0,2530.0,2456.0,2395.0,2282.0,2282.0,2284.0,2293.0,2371.0,2340.0,2317.0,2298.0,2268.0,2221.0,2184.0,2145.0,2120.0,2101.0,2076.0,2048.0,1984.0,1974.0,1910.0,1831.0,1854.146,1760.646,1753.167,1788.0,1749.158,1767.564,1753.144,1704.0,1643.221,1585.279,1529.786,1486.0,1469.908,1457.463,1432.957,1421.0,1406.694,1406.843,1406.875,1398.0,1345.034,1278.439,1202.61,1161.0,1793.32,1618.585,1460.551,1281.0,698.06,865.518,1032.387,1185.0,1208.445,1246.267,1304.73,1358.0,1310.14,1298.675,1308.904,1337.0,1184.977,1215.861,1213.904,1216.0,1228.13,1351.315,1500.029,1530.0,1830.716,1788.691,1632.127,1592.0,1536.929,1413.211,1379.509,1338.0,,,,1134.0,1050.0,
so-financials,EBIT,8113.0,8301.0,8036.0,7395.0,6918.0,5805.0,5866.0,6223.0,6352.0,5965.0,5493.0,4404.0,4512.0,5340.0,5403.0,5654.0,5348.0,5342.0,5472.0,5883.0,8288.0,8064.0,8192.0,6897.0,4533.0,4715.0,4542.0,2828.0,2716.0,2589.0,2476.0,5198.0,4761.0,4744.0,4469.0,4405.0,4455.0,4425.0,4071.0,4105.0,3843.0,4062.0,4267.0,3794.0,3383.0,3409.0,3650.0,4152.0,4608.0,4355.0,4268.0,4248.0,4344.0,4251.0,4059.0,3883.0,3961.0,4014.371,3981.833,3943.188,3509.0,3437.294,3419.044,3352.166,3588.0,3600.862,3590.69,3561.523,3503.0,3475.565,3394.518,3354.548,3219.0,3128.984,3037.737,2939.811,2933.0,2932.601,2779.646,2741.982,2757.0,2678.322,2590.735,2660.823,2619.0,2602.368,2567.097,2424.751,2338.0,2326.066,2309.779,2257.755,2377.0,2403.961,2527.536,2629.083,2544.0,2143.851,2304.019,2336.047,2402.0,2417.16,2186.396,2168.204,2205.0,2791.747,2815.966,2701.018,2650.0,2515.381,2408.883,2501.001,2548.0,,,,2535.0,2322.0,
so-financials,EBIT Margin,0.3035847926957042,0.3140986832147722,0.30749215581235173,0.2909241118848106,0.27394764978418407,0.2211007427156732,0.21212888294217624,0.21376799148088352,0.21694730011270877,0.21304332297582057,0.21242120731660158,0.1846463460651545,0.19521481417384157,0.23772425766816543,0.2473334859235523,0.26585790191376313,0.26247852760736196,0.26482252627404324,0.26631625054752517,0.2798097502972652,0.38694616928894904,0.36919695998534935,0.3722621103335454,0.3060572442866652,0.19293466695041497,0.19822584713697133,0.19061608192042975,0.11967331048199399,0.11792801007337936,0.11464375857946242,0.10933498189525744,0.2398154555940023,0.23929433051869722,0.2594760159711207,0.2565442020665901,0.25465371719273905,0.25473154554291266,0.24668301928866093,0.22773551130006714,0.22797956236809952,0.20810093680619485,0.2210371660227458,0.23633342564386597,0.21273971066502187,0.19798677357055072,0.20215857202158571,0.21604024859425866,0.2467023172905526,0.2786478805103707,0.2634603750756201,0.252409959193329,0.2462751463852977,0.2460214079401937,0.23973607038123168,0.2303109396277803,0.22430824331350008,0.2269133822181485,0.2334608913834315,0.2404992616507965,0.24290147657714115,0.22289271422219398,0.21435718581132931,0.20375255044970988,0.19591398142310784,0.209493781748117,0.21607389782487274,0.22343362060919075,0.22790478498411842,0.22816387676675567,0.22919088853512404,0.22809809597392364,0.2281786732142477,0.22422680412371135,0.21588755629905707,0.2123981625898374,0.2125641439079466,0.21639368452117455,0.22890301122175438,0.2336923742520261,0.2326924912898861,0.23505840225083127,0.23220766614528818,0.22737295761381945,0.23737684086343475,0.2377019422762752,0.23455751376072947,0.2324856696611235,0.2235047746444158,0.22237017310252996,0.22689818208598964,0.22716073641738946,0.2235606843006336,0.23407188577055638,0.23361965811093674,0.24484564869223288,0.25565001266541,0.25273196900456985,0.2640397239903412,0.2660929469781838,0.2616822063488472,0.25780830739508426,0.2517022620777068,0.2345066229686701,0.22954431694123287,0.23212969786293294,0.23066131933376463,0.22142189959795242,0.21571105548928268,0.21013400999127746,0.21307046481714503,0.2258310804596753,0.23789469839368352,0.2459934350260668,,,,0.2761437908496732,0.279860190430276,
aep-financials,Revenue,19721.3,19602.2,19523.8,19317.1,18982.3,19286.2,19470.6,19737.8,19639.5,18819.8,17916.7,17103.5,16792.0,16341.2,15784.6,15452.1,14918.5,14923.9,15172.5,15252.1,15561.4,15746.5,15764.6,16204.2,16195.7,16205.0,15976.6,15539.9,15424.9,15404.6,15952.1,16268.5,16380.1,16204.7,15983.9,15917.7,16453.2,16658.1,16387.7,16605.0,16378.6,16082.5,16097.5,15635.5,14813.5,15197.0,15177.0,15146.0,14945.0,14776.0,14953.0,15011.0,15116.0,15106.0,14837.0,14588.0,14427.0,14275.0,13758.0,13600.0,13489.0,13443.0,14087.0,14431.0,14440.0,14480.0,14078.0,13678.0,13380.0,13088.0,12893.0,12683.0,12622.0,12537.0,12271.0,12154.0,12111.0,12901.0,13354.0,13946.0,14245.0,14213.0,14373.0,14412.0,14833.0,14219.0,14089.0,14220.0,13427.0,13193.0,13139.0,23706.0,12753.0,17604.0,25455.0,19444.0,11326.0,41194.0,33118.0,27943.0,24745.0,15092.0,13418.0,12013.0,11840.0,6405.779,6131.773,5956.931,5928.0,5904.311,5804.739,5823.522,5849.234,,,,5670.33,5504.67,
aep-financials,Revenue Growth,0.03893100414596762,0.016384772531654823,0.0027323246330364093,-0.021314432206223644,-0.03346317370605156,0.02478241001498427,0.08672914096904005,0.15402110679100778,0.16957479752262983,0.15167796734633932,0.13507469305525643,0.10687220507244977,0.1255823306632704,0.09496847338832337,0.04034272532542427,0.01311294838087873,-0.04131376354312599,-0.052240180357539745,-0.03755883435037999,-0.058756371804840724,-0.039164716560568524,-0.028293736501079914,-0.013269406507016468,0.04274802283154977,0.049971150542305054,0.05195850590083473,0.001535847944784674,-0.0447859360113102,-0.0583146623036489,-0.04937456416965447,-0.0019895019363234123,0.02203835981328961,-0.004442904723701124,-0.027217990046884077,-0.024640431543169528,-0.04139114724480575,0.004554723846970976,0.035790455464013604,0.018027644044106284,0.06200633174506742,0.10565362675937484,0.05826807922616295,0.06065098504315736,0.03231876403010703,-0.00879892940782867,0.02849214943151046,0.014980271517421206,0.008993404836453278,-0.01131251653876686,-0.02184562425526282,0.007818292107568903,0.028996435426377865,0.04775767657863739,0.05821366024518393,0.07842709696176775,0.07264705882352951,0.0695381421899326,0.061890946961243865,-0.023354866188684653,-0.057584366987734725,-0.06585872576177287,-0.07161602209944751,0.0006392953544538393,0.05505190817370953,0.07922272047832579,0.10635696821515883,0.09191033894361289,0.07845147047228584,0.06005387418792574,0.043949908271516236,0.050688615434764994,0.0435247655092974,0.04219304764263887,-0.02821486706456866,-0.08109929609105881,-0.12849562598594577,-0.14980694980694975,-0.09230985717301066,-0.07089682042718992,-0.03233416597280048,-0.03964134025483723,-0.0004219706027146497,0.02015756973525451,0.013502109704641274,0.10471438147017209,0.07776851360570003,0.07230382829743509,-0.40015186028853456,0.052850309731043765,-0.25056805271529203,-0.48383421724612063,0.21919358156757873,0.1259932897757372,-0.572656212069719,-0.23138474545564347,-0.30415488673370794,-0.5422913719943423,1.729525576464352,1.4681770755701296,1.326063431282777,1.0899493243243241,1.3559976077850955,1.188274092990722,1.0166424623686257,0.9973009446693657,0.08493251795171353,0.05633913945140345,0.022908645318073795,0.013466036749427257,,,,0.03155089739045169,,,,,,
aep-financials,Cost of Revenue,11985.3,12319.3,12299.5,12124.8,12157.4,12462.0,12857.7,12981.7,12695.2,11928.4,11151.9,10581.0,10543.4,10253.0,9916.3,9698.8,9248.0,9418.1,9651.1,9959.3,10298.2,10362.5,10712.8,11015.8,11155.8,11048.6,10597.8,10252.4,10042.0,10403.3,10768.1,10923.4,10986.1,10810.3,10770.7,10782.7,11110.0,11353.0,11173.7,11482.8,11353.6,10960.1,10913.1,10517.1,10052.1,10447.0,10498.0,10410.0,10207.0,10214.0,10361.0,10493.0,10540.0,10429.0,10136.0,10215.0,10123.0,9983.0,9636.0,9198.0,9121.0,9158.0,9963.0,10432.0,10425.0,10436.0,9975.0,9611.0,9548.0,9327.0,9183.0,9166.0,9049.0,9173.0,9035.0,8863.0,8917.0,9595.0,10074.0,10716.0,10942.0,10643.0,10711.0,10756.0,11181.0,10608.0,10398.0,10475.0,9830.0,9914.0,9873.0,20325.0,9297.0,14242.0,22009.0,16117.0,8258.0,37612.0,29669.0,24469.0,21229.0,10902.0,9751.0,8707.0,8571.0,4467.14,4240.947,4061.024,3991.0,3956.384,3856.838,3883.431,3898.189,,,,3840.737,3786.589,
aep-financials,Gross Profit,7736.0,7282.9,7224.3,7192.3,6824.9,6824.2,6612.9,6756.1,6944.3,6891.4,6764.8,6522.5,6248.6,6088.2,5868.3,5753.3,5670.5,5505.8,5521.4,5292.8,5263.2,5384.0,5051.8,5188.4,5039.9,5156.4,5378.8,5287.5,5382.9,5001.3,5184.0,5345.1,5394.0,5394.4,5213.2,5135.0,5343.2,5305.1,5214.0,5122.2,5025.0,5122.4,5184.4,5118.4,4761.4,4750.0,4679.0,4736.0,4738.0,4562.0,4592.0,4518.0,4576.0,4677.0,4701.0,4373.0,4304.0,4292.0,4122.0,4402.0,4368.0,4285.0,4124.0,3999.0,4015.0,4044.0,4103.0,4067.0,3832.0,3761.0,3710.0,3517.0,3573.0,3364.0,3236.0,3291.0,3194.0,3306.0,3280.0,3230.0,3303.0,3570.0,3662.0,3656.0,3652.0,3611.0,3691.0,3745.0,3597.0,3279.0,3266.0,3381.0,3456.0,3362.0,3446.0,3327.0,3068.0,3582.0,3449.0,3474.0,3516.0,4190.0,3667.0,3306.0,3269.0,1938.639,1890.826,1895.907,1937.0,1947.927,1947.901,1940.091,1951.045,,,,1829.593,1718.081,
aep-financials,"Selling, General & Admin",0.0,0.0,0.0,0.0,0.0,0.0,0.0,0.0,0.0,0.0,0.0,0.0,0.0,0.0,0.0,0.0,0.0,0.0,0.0,0.0,0.0,0.0,0.0,0.0,0.0,0.0,0.0,0.0,0.0,0.0,0.0,0.0,0.0,0.0,0.0,0.0,0.0,0.0,0.0,0.0,0.0,0.0,0.0,0.0,0.0,0.0,0.0,0.0,0.0,0.0,0.0,0.0,0.0,0.0,0.0,0.0,0.0,0.0,0.0,0.0,0.0,0.0,0.0,0.0,0.0,0.0,0.0,0.0,0.0,0.0,0.0,0.0,0.0,0.0,0.0,0.0,0.0,0.0,0.0,0.0,0.0,0.0,0.0,0.0,0.0,0.0,0.0,0.0,0.0,0.0,0.0,0.0,0.0,0.0,0.0,0.0,0.0,0.0,0.0,0.0,0.0,0.0,0.0,0.0,0.0,0.0,0.0,0.0,0.0,0.0,0.0,0.0,0.0,,,,0.0,0.0,
aep-financials,Research & Development,0.0,0.0,0.0,0.0,0.0,0.0,0.0,0.0,0.0,0.0,0.0,0.0,0.0,0.0,0.0,0.0,0.0,0.0,0.0,0.0,0.0,0.0,0.0,0.0,0.0,0.0,0.0,0.0,0.0,0.0,0.0,0.0,0.0,0.0,0.0,0.0,0.0,0.0,0.0,0.0,0.0,0.0,0.0,0.0,0.0,0.0,0.0,0.0,0.0,0.0,0.0,0.0,0.0,0.0,0.0,0.0,0.0,0.0,0.0,0.0,0.0,0.0,0.0,0.0,0.0,0.0,0.0,0.0,0.0,0.0,0.0,0.0,0.0,0.0,0.0,0.0,0.0,0.0,0.0,0.0,0.0,0.0,0.0,0.0,0.0,0.0,0.0,0.0,0.0,0.0,0.0,0.0,0.0,0.0,0.0,0.0,0.0,0.0,0.0,0.0,0.0,0.0,0.0,0.0,0.0,0.0,0.0,0.0,0.0,0.0,0.0,0.0,0.0,,,,0.0,0.0,
aep-financials,Operating Expenses,3432.4,3451.5,3391.1,3168.3,3268.7,3331.3,3543.2,3556.7,3461.6,3285.1,2981.2,2933.4,2837.3,2790.4,2734.7,2706.9,2682.8,2793.6,2794.2,2737.3,2670.9,2535.3,2492.7,2423.3,2357.2,2293.9,2209.8,2142.2,1857.9,1674.5,3960.2,3988.4,4230.1,4296.8,2027.5,2011.4,2009.7,2007.6,1971.7,1917.0,1897.6,1763.9,1855.9,2009.9,1938.9,2324.0,2216.0,2079.0,2082.0,1812.0,1864.0,1814.0,1794.0,1752.0,1641.0,1636.0,1641.0,1634.0,1631.0,1623.0,1597.0,1574.0,1534.0,1505.0,1228.0,1251.0,1249.0,1250.0,1513.0,1498.0,1710.0,1695.0,1607.0,1581.0,1364.0,1335.0,1267.0,1149.0,1144.0,1177.0,1320.0,2020.0,1980.0,1953.0,1909.0,1921.0,1954.0,1980.0,1997.0,1253.0,1251.0,1251.0,1233.0,1219.0,1201.0,1310.0,1294.0,1564.0,1498.0,1283.0,1212.0,1230.0,1100.0,993.0,989.0,577.157,575.499,583.048,591.0,598.357,605.824,603.689,600.851,,,,593.019,572.189,
aep-financials,Other Operating Expenses,3432.4,3451.5,3391.1,3168.3,3268.7,3331.3,3543.2,3556.7,3461.6,3285.1,2981.2,2933.4,2837.3,2790.4,2734.7,2706.9,2682.8,2793.6,2794.2,2737.3,2670.9,2535.3,2492.7,2423.3,2357.2,2293.9,2209.8,2142.2,1857.9,1674.5,3960.2,3988.4,4230.1,4296.8,2027.5,2011.4,2009.7,2007.6,1971.7,1917.0,1897.6,1763.9,1855.9,2009.9,1938.9,2324.0,2216.0,2079.0,2082.0,1812.0,1864.0,1814.0,1794.0,1752.0,1641.0,1636.0,1641.0,1634.0,1631.0,1623.0,1597.0,1574.0,1534.0,1505.0,1228.0,1251.0,1249.0,1250.0,1513.0,1498.0,1710.0,1695.0,1607.0,1581.0,1364.0,1335.0,1267.0,1149.0,1144.0,1177.0,1320.0,2020.0,1980.0,1953.0,1909.0,1921.0,1954.0,1980.0,1997.0,1253.0,1251.0,1251.0,1233.0,1219.0,1201.0,1310.0,1294.0,1564.0,1498.0,1283.0,1212.0,1230.0,1100.0,993.0,989.0,577.157,575.499,583.048,591.0,598.357,605.824,603.689,600.851,0.0,0.0,0.0,593.019,572.189,
aep-financials,Operating Income,4303.6,3831.4,3833.2,4024.0,3556.2,3492.9,3069.7,3199.4,3482.7,3606.3,3783.6,3589.1,3411.3,3297.8,3133.6,3046.4,2987.7,2712.2,2727.2,2555.5,2592.3,2848.7,2559.1,2765.1,2682.7,2862.5,3169.0,3145.3,3525.0,3326.8,1223.8,1356.7,1163.9,1097.6,3185.7,3123.6,3333.5,3297.5,3242.3,3205.2,3127.4,3358.5,3328.5,3108.5,2822.5,2426.0,2463.0,2657.0,2656.0,2750.0,2728.0,2704.0,2782.0,2925.0,3060.0,2737.0,2663.0,2658.0,2491.0,2779.0,2771.0,2711.0,2590.0,2494.0,2787.0,2793.0,2854.0,2817.0,2319.0,2263.0,2000.0,1822.0,1966.0,1783.0,1872.0,1956.0,1927.0,2157.0,2136.0,2053.0,1983.0,1550.0,1682.0,1703.0,1743.0,1690.0,1737.0,1765.0,1600.0,2026.0,2015.0,2130.0,2223.0,2143.0,2245.0,2017.0,1774.0,2018.0,1951.0,2191.0,2304.0,2960.0,2567.0,2313.0,2280.0,1361.482,1315.327,1312.859,1346.0,1349.57,1342.077,1336.402,1350.194,,,,1236.574,1145.892,
aep-financials,Interest Expense / Income,1862.8,1860.9,1832.4,1826.8,1806.9,1740.4,1630.8,1498.4,1396.1,1305.3,1248.3,1222.3,1199.1,1183.8,1171.4,1163.8,1165.7,1168.3,1152.1,1108.8,1072.5,1032.9,1014.6,1006.2,984.4,960.1,926.6,907.2,895.0,878.0,880.0,882.0,877.2,883.0,877.9,872.2,873.9,876.1,872.9,874.7,868.0,863.0,871.0,878.0,890.0,976.0,984.0,991.0,988.0,907.0,916.0,920.0,933.0,972.0,981.0,991.0,999.0,997.0,994.0,985.0,973.0,1014.0,982.0,976.0,957.0,892.0,892.0,871.0,838.0,829.0,787.0,750.0,732.0,691.0,680.0,692.0,697.0,714.0,744.0,755.0,781.0,800.0,823.0,821.0,814.0,808.0,773.0,772.0,775.0,755.0,789.0,810.0,833.0,1697.0,1482.0,1265.0,999.0,977.0,977.0,977.0,977.0,0.0,0.0,0.0,0.0,-300.851,-197.473,-93.822,0.0,392.913,380.413,375.125,381.328,,,,400.077,389.24,
aep-financials,Other Expense / Income,-487.1,-522.4,-512.9,-519.3,-513.4,-521.6,-484.9,-251.5,-226.0,-181.5,-145.4,-374.8,-391.4,-438.8,-472.2,-445.8,-418.6,-388.5,-384.0,-385.9,-388.4,-367.7,-361.8,-341.1,-340.8,-324.1,-295.9,-265.2,-252.3,-294.6,-290.6,-261.2,-250.5,-451.0,-452.0,-495.6,-507.1,-293.6,-308.7,-298.3,-277.0,-237.7,-208.7,-236.7,-225.7,-209.0,-218.0,-177.0,-195.0,-358.0,-924.0,-926.0,-915.0,-758.0,-183.0,-191.0,-193.0,-185.0,-187.0,-153.0,-137.0,-146.0,-150.0,-180.0,-195.0,-244.0,-228.0,-128.0,-127.0,-139.0,-146.0,-246.0,-253.0,67.0,-18.0,-23.0,-14.0,-296.0,-498.0,-446.0,-459.0,227.0,641.0,609.0,461.0,536.0,379.0,475.0,1029.0,452.0,433.0,298.0,-134.0,-1059.0,-678.0,-337.0,-94.0,-69.0,-119.0,-147.0,-127.0,1099.0,967.0,826.0,803.0,751.409,718.94,619.405,515.0,93.58,19.592,32.723,39.214,,,,34.567,43.241,
aep-financials,Pretax Income,2927.9,2492.9,2513.7,2716.5,2262.7,2274.1,1923.8,1952.5,2312.6,2482.5,2680.7,2741.6,2603.6,2552.8,2434.4,2328.4,2240.6,1932.4,1959.1,1832.6,1908.2,2183.5,1906.3,2100.0,2039.1,2226.5,2538.3,2503.3,2882.3,2743.4,634.4,735.9,537.2,665.6,2759.8,2747.0,2966.7,2715.0,2678.1,2628.8,2536.4,2733.2,2666.2,2467.2,2158.2,1659.0,1697.0,1843.0,1863.0,2201.0,2736.0,2710.0,2764.0,2711.0,2262.0,1937.0,1857.0,1846.0,1684.0,1947.0,1935.0,1843.0,1758.0,1698.0,2025.0,2145.0,2190.0,2074.0,1608.0,1573.0,1359.0,1318.0,1487.0,1025.0,1210.0,1287.0,1244.0,1739.0,1890.0,1744.0,1661.0,523.0,218.0,273.0,468.0,346.0,585.0,518.0,-204.0,819.0,793.0,1022.0,1524.0,1505.0,1441.0,1089.0,869.0,1110.0,1093.0,1361.0,1454.0,1861.0,1600.0,1487.0,1477.0,910.924,793.86,787.276,831.0,863.077,942.072,928.554,929.652,,,,801.93,713.411,
aep-financials,Income Tax,-39.2,-146.3,-119.6,-97.7,54.6,17.9,-62.4,-37.0,5.4,20.7,106.6,113.8,115.5,168.1,97.1,48.5,40.5,14.3,56.1,-10.9,-12.9,52.5,-68.8,57.8,115.3,265.4,610.1,728.5,969.7,858.1,59.6,34.0,-73.7,-41.5,768.6,827.9,919.6,946.7,935.1,925.8,902.6,943.7,936.7,789.7,677.7,504.0,488.0,610.0,604.0,652.0,745.0,729.0,818.0,899.0,823.0,714.0,643.0,570.0,520.0,603.0,575.0,569.0,553.0,528.0,642.0,681.0,694.0,679.0,516.0,534.0,462.0,426.0,485.0,353.0,416.0,447.0,430.0,599.0,607.0,582.0,572.0,373.0,341.0,321.0,358.0,311.0,382.0,428.0,315.0,449.0,427.0,486.0,553.0,808.0,806.0,695.0,602.0,427.0,374.0,443.0,482.0,614.0,553.0,512.0,502.0,320.805,307.56,297.837,320.0,345.767,353.619,348.574,342.222,,,,272.027,213.399,
aep-financials,Net Income,2967.1,2639.2,2633.3,2814.2,2208.1,2256.2,1986.2,1989.5,2307.2,2461.8,2574.1,2627.8,2488.1,2384.7,2337.3,2279.9,2200.1,1918.1,1903.0,1843.5,1921.1,2131.0,1975.1,2042.2,1923.8,1961.1,1928.2,1774.8,1912.6,1885.3,574.8,701.9,610.9,707.1,1991.2,1919.1,2047.1,1768.3,1743.0,1703.0,1633.8,1789.5,1729.5,1677.5,1480.5,1155.0,1209.0,1233.0,1259.0,1549.0,1991.0,1981.0,1946.0,1812.0,1439.0,1223.0,1214.0,1276.0,1164.0,1344.0,1360.0,1274.0,1205.0,1170.0,1383.0,1464.0,1496.0,1395.0,1092.0,1039.0,897.0,892.0,1002.0,672.0,794.0,840.0,814.0,1140.0,1283.0,1162.0,1089.0,150.0,-123.0,-48.0,110.0,35.0,203.0,90.0,-519.0,370.0,366.0,536.0,971.0,697.0,635.0,394.0,267.0,683.0,719.0,918.0,972.0,1247.0,1047.0,975.0,975.0,590.119,486.3,489.439,511.0,517.31,588.453,579.98,587.43,,,,529.903,500.012,
aep-financials,Preferred Dividends,0.0,0.0,0.0,0.0,0.0,0.0,0.0,0.0,0.0,0.0,0.0,0.0,0.0,0.0,0.0,0.0,0.0,0.0,0.0,0.0,0.0,0.0,0.0,0.0,0.0,0.0,0.0,0.0,0.0,0.0,0.0,0.0,0.0,0.0,0.0,0.0,0.0,0.0,0.0,0.0,0.0,0.0,0.0,0.0,0.0,0.0,0.0,0.0,0.0,3.0,4.0,4.0,5.0,3.0,3.0,3.0,3.0,3.0,3.0,3.0,3.0,3.0,3.0,3.0,3.0,5.0,4.0,4.0,3.0,0.0,0.0,0.0,0.0,0.0,0.0,0.0,0.0,0.0,0.0,0.0,0.0,0.0,0.0,0.0,0.0,0.0,0.0,0.0,0.0,0.0,0.0,0.0,0.0,0.0,0.0,0.0,0.0,0.0,0.0,0.0,0.0,0.0,0.0,0.0,0.0,0.0,0.0,0.0,0.0,0.0,0.0,0.0,0.0,,,,0.0,0.0,
aep-financials,Net Income Common,2967.1,2639.2,2633.3,2814.2,2208.1,2256.2,1986.2,1989.5,2307.2,2461.8,2574.1,2627.8,2488.1,2384.7,2337.3,2279.9,2200.1,1918.1,1903.0,1843.5,1921.1,2131.0,1975.1,2042.2,1923.8,1961.1,1928.2,1774.8,1912.6,1885.3,574.8,701.9,610.9,707.1,1991.2,1919.1,2047.1,1768.3,1743.0,1703.0,1633.8,1789.5,1729.5,1677.5,1480.5,1155.0,1209.0,1233.0,1259.0,1546.0,1987.0,1977.0,1941.0,1809.0,1436.0,1220.0,1211.0,1273.0,1161.0,1341.0,1357.0,1271.0,1202.0,1167.0,1380.0,1459.0,1492.0,1391.0,1089.0,1039.0,897.0,892.0,1002.0,672.0,794.0,840.0,814.0,1140.0,1283.0,1162.0,1089.0,150.0,-123.0,-48.0,110.0,35.0,203.0,90.0,-519.0,370.0,366.0,536.0,971.0,697.0,635.0,394.0,267.0,683.0,719.0,918.0,972.0,1247.0,1047.0,975.0,975.0,590.119,486.3,489.439,511.0,517.31,588.453,579.98,587.43,,,,529.903,500.012,
aep-financials,Net Income Growth,0.343734432317377,0.16975445439234105,0.3257980062430772,0.41452626288012073,-0.04295249653259359,-0.0835161264115688,-0.2283905054193699,-0.24290280843290968,-0.07270608094529962,0.03233111083155116,0.10131348136738971,0.15259441203561552,0.1309031407663288,0.24326156091966,0.2282186022070416,0.23672362354217524,0.14522929571599597,-0.09990614734866266,-0.036504480785782945,-0.09729703261188916,-0.001403472294417285,0.08663505175666719,0.024323202987242,0.15066486364660814,0.005855902959322368,0.04020580279000696,2.3545581071677106,1.5285653226955405,2.130790636765428,1.6662423985292039,-0.7113298513459221,-0.6342556406648949,-0.7015778418250207,-0.6001244132782899,0.14239816408491102,0.1268937169700528,0.25296853960093024,-0.01184688460463812,0.007805724197744945,0.01520119225037253,0.10354609929078018,0.5493506493506493,0.4305210918114144,0.3605028386050284,0.175933280381255,-0.2529107373868047,-0.39154504277805735,-0.37632776934749623,-0.35136527563111797,-0.14538419016030957,0.38370473537604455,0.6204918032786886,0.6028075970272502,0.42105263157894735,0.23686477174849263,-0.09023117076808351,-0.10759027266027998,0.0015735641227379027,-0.03410981697171378,0.14910025706940866,-0.01666666666666672,-0.12885538039753253,-0.19436997319034854,-0.16103522645578716,0.2672176308539944,0.4042348411934553,0.6633221850613156,0.5594170403587444,0.08682634730538918,0.5461309523809523,0.12972292191435764,0.06190476190476191,0.23095823095823098,-0.41052631578947374,-0.3811379579111458,-0.27710843373493976,-0.2525252525252525,6.6,,,8.9,3.2857142857142856,,,,-0.9054054054054054,-0.44535519125683065,-0.832089552238806,,-0.4691535150645624,-0.42362204724409447,0.36040609137055846,2.636704119850187,0.020497803806734938,-0.11682892906815023,-0.5708061002178649,-0.7253086419753086,-0.4522854851643946,-0.3132760267430754,-0.058461538461538454,-0.003076923076923088,1.1131331138295835,1.1529919802590993,0.9920766428502836,0.9080234833659491,0.1407453944443371,-0.17359585217510998,-0.15611055553639785,-0.13010911938443726,,,,0.1085613782145034,,,,,,
aep-financials,Shares Outstanding (Basic),530.092672,532.208876,528.898816,526.552036,518.903682,520.45988,514.879144,514.176648,511.841946,513.730196,513.623431,506.050147,500.522177,501.23368,499.91664,497.058635,495.718223,496.177968,495.655053,494.596869,493.694345,493.839034,493.584347,493.309076,492.7746,492.984741,492.688342,492.267402,491.814651,491.840722,491.790752,491.712042,491.495458,491.697809,491.459541,491.108392,490.340522,490.648929,490.207482,489.597986,488.592997,488.912892,488.291576,487.867089,486.619555,486.932747,486.293026,485.823668,484.682469,484.979543,484.500029,483.828101,482.169282,482.498734,481.928494,481.14427,479.373306,479.578139,479.050774,478.429535,458.677534,476.948143,472.220041,406.826606,402.083847,402.286779,401.513958,400.797993,398.784745,399.222569,398.679242,397.314642,394.219523,393.913463,393.722353,393.653162,389.969636,389.0,384.0,393.0,395.622137,396.0,396.0,395.0,385.0,395.0,395.0,356.0,332.0,339.0,326.0,322.0,322.0,322.0,322.0,322.0,322.0,322.0,322.0,322.0,321.0,321.0,320.0,192.0,318.0,191.0,191.0,190.0,189.0,189.287,188.822,188.347,187.321,187.528,187.104,186.723,185.847,184.666,
aep-financials,Shares Outstanding (Diluted),531.337703,533.600842,530.14099,527.596395,520.206258,521.444125,516.242919,515.59809,513.484609,515.315994,515.16221,507.658522,501.784032,502.606836,500.983778,498.164219,497.226867,497.458523,497.33798,496.608918,495.306238,495.461509,495.382966,494.484144,493.758277,493.940543,493.505085,493.1273,492.611067,492.986307,492.6421,492.031975,491.662007,491.813858,491.6414,491.332305,490.574568,490.800335,490.48445,489.936726,488.89984,488.970647,488.538227,488.271167,487.040956,487.258905,486.763615,486.344036,485.084694,485.362858,484.86069,484.248868,482.460328,482.796945,482.203255,481.365806,479.601442,479.750447,479.176543,478.844632,458.982292,477.111144,472.222817,407.381954,403.640708,403.910309,402.785942,402.072098,400.198799,400.215911,399.8689,398.552113,396.483464,396.26625,395.500506,395.580106,391.423842,390.0,385.0,394.0,396.590407,397.0,396.0,395.0,385.0,395.0,395.0,356.0,332.0,339.0,326.0,322.0,322.0,322.0,322.0,322.0,322.0,322.0,322.0,,321.0,,,,,,,,,,,,,,,,,,
aep-financials,Shares Change,0.02139813742878882,0.023313556366178156,0.02692157216784996,0.023270654474301766,0.013090263821325276,0.011891986802955667,0.002097803330721737,0.01563958380669117,0.02331795404760917,0.02528648058419969,0.028301179843791324,0.019058580760895616,0.009165162428763196,0.010349230663397435,0.007330624538266717,0.003131842670614393,0.0038776596227725335,0.0040306138089931665,0.003946469972082145,0.004296950722852744,0.0031350583313867197,0.003079249155702568,0.003805190781367429,0.002751508586119611,0.0023288352147394775,0.0019356237413710176,0.0017517483787925503,0.002226125649659183,0.0019303098195260215,0.0023839283520148413,0.0020354266341280347,0.0014240260468929566,0.0022166640322047737,0.0020650413777734133,0.0023587903755155626,0.002848488235193125,0.003425503268726704,0.0037419178660840213,0.003983768091089468,0.0034111352718888543,0.0038166892888573667,0.0035130030101757637,0.0036457367504758587,0.003962485107970037,0.004032825657451111,0.0039064526029306545,0.003924684015938595,0.00432663479143125,0.005439547767334796,0.005314683588149016,0.005511026672766928,0.0059893369326695645,0.005960962060660435,0.0063501723011423206,0.006316486155709011,0.005265119062669132,0.04492362855689436,0.005531841025285367,0.014725518864540543,0.17541935104960493,0.13710605224684125,0.18123042014260649,0.1723915056598475,0.013206228500839634,0.008600498073958462,0.009231012307254316,0.007294995934917559,0.00883193159736173,0.009370718673906708,0.009967189989054104,0.011045229863751338,0.007513034540720831,0.012926197786388371,0.016067307692307686,0.027274041558441597,0.004010421319796897,-0.013027458326797081,-0.017632241813602012,-0.02777777777777779,-0.0025316455696202667,0.03010495324675322,0.005063291139240533,0.0025316455696202667,0.1095505617977528,0.15963855421686746,0.16519174041297946,0.21165644171779152,0.10559006211180133,0.03105590062111796,0.052795031055900665,0.012422360248447228,0.0,0.0,0.0,0.0,0.0,0.0031152647975076775,0.0031152647975076775,0.006250000000000089,0.6770833333333333,0.009433962264151052,0.6806282722513088,0.675392670157068,0.010526315789473717,0.6825396825396826,0.009049749850755795,0.01153467286650911,0.00877635428225565,0.00896322355742285,0.00937993259673231,0.00918205917564574,0.008697375256395912,0.0079312552798807,0.015498250896212706,,,,,
aep-financials,EPS (Basic),5.6,4.99,5.02,5.39,4.26,4.36,3.86,3.87,4.51,4.83,5.09,5.23,4.97,4.79,4.71,4.6,4.44,3.87,3.85,3.73,3.89,4.31,3.99,4.13,3.9,3.98,3.92,3.61,3.89,3.83,1.16,1.42,1.24,1.43,4.05,3.91,4.17,3.62,3.57,3.49,3.34,3.67,3.55,3.44,3.04,2.38,2.49,2.55,2.6,3.18,4.1,4.08,4.02,3.75,2.99,2.54,2.53,2.65,2.42,2.81,2.96,2.86,2.86,2.89,3.43,3.64,3.73,3.48,2.73,2.61,2.26,2.25,2.54,1.69,2.01,2.15,2.09,2.92,3.27,2.94,2.75,0.31,-0.38,-0.19,0.29,-0.21,0.39,0.14,-1.57,1.08,1.14,1.67,3.01,2.17,1.97,1.22,0.83,2.11,2.23,2.85,3.03,3.23,3.02,3.05,3.06,3.09,2.55,2.57,2.7,2.75,3.14,3.1,3.14,,,,2.85,2.71,
aep-financials,EPS (Diluted),5.58,4.96,4.99,5.36,4.24,4.35,3.85,3.86,4.49,4.83,5.08,5.21,4.96,4.75,4.67,4.57,4.42,3.86,3.84,3.72,3.88,4.31,4.0,4.14,3.9,3.97,3.9,3.59,3.88,3.82,1.16,1.42,1.24,1.43,4.05,3.91,4.17,3.62,3.57,3.49,3.34,3.67,3.55,3.44,3.04,2.38,2.49,2.55,2.6,3.18,4.1,4.08,4.02,3.75,2.99,2.54,2.53,2.65,2.42,2.81,2.96,2.86,2.86,2.89,3.42,3.63,3.72,3.47,2.72,2.61,2.26,2.25,2.53,1.68,2.0,2.14,2.08,2.92,3.27,2.94,2.75,0.31,-0.38,-0.19,0.29,-0.21,0.39,0.14,-1.57,1.08,1.14,1.67,3.01,2.17,1.97,1.22,0.83,2.11,2.23,,3.03,,,,,,,,,,,,,,,,,,
aep-financials,EPS Growth,0.3160377358490565,0.14022988505747125,0.2961038961038962,0.3886010362694301,-0.055679287305122505,-0.09937888198757772,-0.24212598425196852,-0.2591170825335892,-0.094758064516129,0.01684210526315799,0.08779443254817987,0.14004376367614868,0.12217194570135748,0.23056994818652843,0.21614583333333326,0.228494623655914,0.1391752577319587,-0.10440835266821336,-0.040000000000000036,-0.10144927536231874,-0.00512820512820511,0.08564231738035244,0.025641025641025772,0.1532033426183843,0.005154639175257714,0.03926701570680646,2.3620689655172415,1.528169014084507,2.129032258064516,1.6713286713286712,-0.7135802469135802,-0.6368286445012787,-0.7026378896882495,-0.6049723756906078,0.134453781512605,0.12034383954154726,0.24850299401197606,-0.013623978201634857,0.005633802816901401,0.014534883720930258,0.09868421052631571,0.5420168067226891,0.42570281124497966,0.34901960784313735,0.1692307692307693,-0.2515723270440252,-0.3926829268292682,-0.375,-0.3532338308457711,-0.1519999999999999,0.3712374581939797,0.6062992125984252,0.5889328063241106,0.41509433962264164,0.23553719008264484,-0.09608540925266906,-0.14527027027027029,-0.07342657342657344,-0.15384615384615385,-0.02768166089965396,-0.13450292397660812,-0.21212121212121215,-0.23118279569892486,-0.16714697406340062,0.25735294117647056,0.3908045977011494,0.6460176991150446,0.5422222222222224,0.07509881422924924,0.5535714285714286,0.1299999999999999,0.051401869158878455,0.21634615384615374,-0.4246575342465754,-0.3883792048929664,-0.27210884353741494,-0.24363636363636365,8.419354838709678,,,8.482758620689657,,,,,,-0.6578947368421052,-0.9161676646706587,,-0.5023041474654377,-0.42131979695431476,0.3688524590163935,2.6265060240963853,0.028436018957346043,-0.11659192825112108,,-0.7260726072607261,,,,,,,,,,,,,,,,,,,,,,
aep-financials,Free Cash Flow Per Share,-2.313,-0.691,-1.175,-2.512,-4.859,-6.943,-6.895,-5.518,-5.062,-5.024,-4.062,-4.24,-5.168,-3.738,-5.541,-5.933,-4.868,-5.166,-4.225,-4.45,-3.608,-2.669,-2.141,-1.503,-2.207,-3.089,-3.743,-3.993,1.502,2.465,3.389,3.544,-0.533,-0.602,-0.558,-0.558,0.633,0.619,0.391,0.895,0.99,1.531,1.893,1.645,1.006,1.097,0.65,1.147,1.607,0.895,1.738,1.992,2.321,3.592,3.025,2.523,0.661,0.017,-0.311,-0.719,-0.691,-2.0,-3.181,-4.061,-3.032,-1.775,-1.781,-1.879,-2.914,-3.83,-2.915,-2.945,-2.019,-1.599,-2.481,-2.393,-1.351,-0.735,1.174,1.819,2.715,4.013,3.919,3.291,3.06,4.033,3.241,3.292,1.151,2.369,2.245,1.811,3.64,1.016,-0.419,-0.82,-1.016,-2.494,-0.972,-0.205,-0.252,-0.1,-0.562,1.167,0.689,1.337,2.042,1.751,2.317,2.649,2.932,3.32,3.52,,,,2.535,2.08,
aep-financials,Dividend Per Share,3.57,3.52,3.47,3.42,3.37,3.32,3.27,3.22,3.17,3.12,3.08,3.04,3.0,2.96,2.92,2.88,2.84,2.8,2.77,2.74,2.71,2.68,2.63,2.58,2.53,2.48,2.45,2.42,2.39,2.36,2.33,2.3,2.27,2.24,2.21,2.18,2.15,2.12,2.09,2.06,2.03,2.0,1.99,1.98,1.95,1.92,1.9,1.88,1.88,1.88,1.87,1.86,1.85,1.84,1.8,1.76,1.71,1.66,1.65,1.64,1.64,1.64,1.64,1.64,1.64,1.64,1.62,1.6,1.58,1.56,1.54,1.52,1.5,1.48,1.46,1.44,1.42,1.4,1.4,1.4,1.4,1.4,1.4,1.4,1.65,1.9,2.15,2.4,2.4,2.4,2.4,2.4,2.4,2.4,2.4,2.4,2.4,2.4,2.4,2.4,2.4,2.4,2.4,2.4,2.4,2.4,2.4,2.4,2.4,2.4,2.4,2.4,2.4,2.4,2.4,2.4,2.4,2.4,
aep-financials,Dividend Growth,0.059347181008901906,0.06024096385542177,0.061162079510703515,0.06211180124223592,0.06309148264984232,0.0641025641025641,0.06168831168831157,0.0592105263157896,0.05666666666666664,0.05405405405405417,0.0547945205479452,0.05555555555555558,0.05633802816901423,0.05714285714285716,0.05415162454873634,0.05109489051094873,0.047970479704797064,0.04477611940298498,0.05323193916349811,0.0620155038759691,0.07114624505928857,0.08064516129032273,0.07346938775510181,0.06611570247933884,0.058577405857740406,0.05084745762711873,0.051502145922746934,0.052173913043478404,0.052863436123347984,0.05357142857142838,0.05429864253393668,0.05504587155963292,0.05581395348837215,0.05660377358490565,0.05741626794258381,0.058252427184465994,0.05911330049261099,0.06000000000000005,0.05025125628140703,0.04040404040404044,0.04102564102564088,0.04166666666666674,0.047368421052631726,0.05319148936170226,0.037234042553191626,0.02127659574468077,0.016042780748662944,0.010752688172043001,0.01621621621621605,0.021739130434782483,0.03888888888888897,0.05681818181818188,0.08187134502923987,0.10843373493975905,0.09090909090909105,0.07317073170731714,0.04268292682926833,0.012195121951219523,0.0060975609756097615,0.0,0.0,0.0,0.012345679012345512,0.02499999999999991,0.03797468354430378,0.0512820512820511,0.051948051948051965,0.05263157894736836,0.053333333333333455,0.05405405405405417,0.0547945205479452,0.05555555555555558,0.05633802816901423,0.05714285714285716,0.04285714285714293,0.028571428571428692,0.014285714285714235,0.0,0.0,0.0,-0.1515151515151515,-0.26315789473684215,-0.34883720930232565,-0.41666666666666663,-0.3125,-0.20833333333333337,-0.10416666666666663,0.0,0.0,0.0,0.0,0.0,0.0,0.0,0.0,0.0,0.0,0.0,0.0,0.0,0.0,0.0,0.0,0.0,0.0,0.0,0.0,0.0,0.0,0.0,0.0,0.0,0.0,0.0,,,,,
aep-financials,Gross Margin,0.3922662299138495,0.3715348277234188,0.37002530245136706,0.3723281444937387,0.3595402032419675,0.353838495919362,0.3396351422144156,0.34229245407289566,0.3535884314773798,0.36617817405073383,0.3775695301031998,0.38135469348378986,0.372117675083373,0.3725674981029545,0.3717737541654524,0.3723312688890183,0.38009853537554045,0.3689250128987731,0.36390838688416544,0.3470210659515739,0.33822149678049535,0.3419172514527038,0.3204521522905751,0.3201885930808062,0.3111875374327754,0.31819808701018204,0.3366673760374548,0.3402531547822058,0.34897470972259137,0.3246627630707711,0.3249728875821992,0.32855518332974765,0.32930201891319344,0.3328910748116287,0.3261531916490969,0.32259685758620904,0.32475141613789416,0.3184696934224191,0.3181654533583114,0.3084733514001807,0.30680277923632054,0.3185076946992072,0.3220624320546669,0.3273576156822615,0.32142302629358355,0.3125616898071988,0.30829544705804834,0.3126898190941503,0.31702910672465706,0.30874390904168925,0.3070955661071357,0.30097928185996936,0.30272558878010053,0.30961207467231566,0.31684302756621957,0.29976693172470525,0.2983295210369446,0.30066549912434326,0.29960750109027473,0.3236764705882353,0.32381940840685003,0.31875325448188646,0.29275218286363314,0.27711177326588593,0.27804709141274236,0.2792817679558011,0.29144764881375196,0.29733879222108495,0.28639760837070255,0.2873624694376528,0.2877530442875979,0.27730032326736576,0.28307716685152906,0.2683257557629417,0.26371118898215307,0.2707750534803357,0.26372719015770785,0.25625920471281294,0.24561929010034447,0.23160762942779292,0.23187083187083188,0.2511784985576585,0.25478327419467056,0.25367749097973913,0.24620777995011123,0.2539559744004501,0.26197742920008515,0.2633614627285513,0.2678930513145155,0.2485408928977488,0.24857295075728747,0.14262212098202987,0.2709950599858857,0.19097932288116337,0.13537615399725006,0.1711067681547007,0.2708811583966096,0.08695441083652959,0.10414276224409687,0.12432451776831407,0.14208931097191352,0.27763053273257354,0.2732896109703383,0.2752018646466328,0.27609797297297295,0.30263907012714614,0.30836529662790846,0.3182690885625501,0.3267543859649123,0.32991605625110193,0.3355708155009209,0.33314736339967466,0.3335556416447008,,,,0.3226607622484053,0.3121133510274004,
aep-financials,Operating Margin,0.21822090835796829,0.19545765271245064,0.19633472991938045,0.20831284198973965,0.18734294579687394,0.18110877207536996,0.15765821289533963,0.16209506631944795,0.17733139845719087,0.19162265273807372,0.211177281530639,0.20984593796591341,0.20315030967127204,0.20180892468117398,0.19852261064581933,0.1971511962775286,0.20026812347085832,0.18173533727778932,0.17974625144175319,0.16755069793667757,0.1665852686776254,0.18091004350173054,0.16233206043921192,0.17064094494020068,0.16564273233018642,0.17664301141622957,0.19835259066384586,0.20240155985559752,0.22852660308980932,0.21596146605559377,0.07671717203377612,0.08339428957801887,0.07105573226048681,0.06773343536134578,0.19930680246998542,0.1962343805951865,0.20260496438382808,0.1979517471980598,0.19784960671723303,0.19302619692863596,0.1909442809519739,0.20882947302969065,0.20677123776984005,0.1988103994115954,0.19053566003982852,0.15963677041521354,0.1622850365684918,0.1754258550112241,0.17771830043492806,0.18611261505143475,0.18243830669430883,0.1801345679834788,0.18404339772426567,0.193631669535284,0.20624115387207656,0.18761996161228406,0.18458445969363,0.18619964973730296,0.18105829335659251,0.20433823529411765,0.2054266439320928,0.20166629472587963,0.18385745723007027,0.17282239623033746,0.193005540166205,0.19288674033149172,0.2027276601790027,0.20595116245065068,0.17331838565022423,0.1729064792176039,0.1551229349259288,0.1436568635180951,0.1557597845032483,0.14221903166626784,0.15255480400945318,0.1609346717130163,0.1591115514821237,0.16719634136888614,0.15995207428485847,0.14721066972608635,0.1392067392067392,0.10905509041018785,0.11702497738815835,0.118165417707466,0.1175082586125531,0.11885505309796751,0.1232876712328767,0.12412095639943742,0.11916288076264243,0.15356628515121656,0.15336022528350712,0.08985067071627437,0.1743119266055046,0.12173369688707111,0.08819485366332744,0.10373379962970582,0.1566307610806993,0.0489877166577657,0.05891056223201884,0.07840961958272197,0.09310971913517882,0.19613040021203287,0.19131018035474737,0.1925414134687422,0.19256756756756757,0.2125396458416689,0.2145100609562683,0.22039184271229598,0.22705802968960864,0.2285736642260206,0.23120367685782256,0.2294834637870347,0.2308326184249083,,,,0.21807796018926587,0.2081672470829314,
aep-financials,Profit Margin,0.15045154224113014,0.13463794880166513,0.13487640725678401,0.14568439362016036,0.11632415460718669,0.11698520185417552,0.10201021026573398,0.10079644134604668,0.11747753252374042,0.1308090415413554,0.14367043038059463,0.15364106761773905,0.14817174845164363,0.1459317553178469,0.14807470572583403,0.14754628820678095,0.1474746120588531,0.12852538545554446,0.12542428736200362,0.12086860170074941,0.12345290269513026,0.13533166100403266,0.12528703550994,0.12602905419582577,0.11878461566959131,0.12101820425794507,0.12068900767372281,0.1142092291456187,0.12399432087079981,0.12238552120795088,0.03603287341478551,0.04314472754095337,0.037295254607725224,0.04363548846939468,0.1245753539499121,0.12056390056352362,0.1244195657987504,0.10615256241708237,0.10636025799837683,0.10255947003914484,0.09975211556543294,0.1112700139903622,0.10743904332970958,0.10728790252950017,0.0999426199075168,0.07600184246890834,0.0796600118600514,0.08140763237818566,0.08424222147875543,0.10462912831618841,0.1328830335049823,0.13170341749383785,0.1284069859751257,0.11975374023566794,0.09678506436611174,0.0836303811351796,0.08393983503153808,0.0891768826619965,0.08438726559092892,0.09860294117647059,0.10060048928756765,0.0945473480621885,0.08532689713920635,0.08086757674450835,0.09556786703601108,0.1007596685082873,0.10598096320500071,0.10169615440853925,0.08139013452914798,0.07938569682151589,0.06957263631427907,0.07033036347867223,0.07938520044366978,0.05360134003350084,0.064705402982642,0.06911304920190883,0.06721162579473206,0.08836524300441827,0.09607608207278719,0.08332138247526172,0.07644787644787644,0.010553718426792372,-0.008557712377374243,-0.0033305578684429643,0.007415896986449133,0.0024614951825022856,0.01440840371921357,0.006329113924050633,-0.03865345944738214,0.028045175471841127,0.027856001217748685,0.022610309626254956,0.07613894769858072,0.03959327425585094,0.02494598310744451,0.0202633203044641,0.02357407734416387,0.016580084478322085,0.021710248203393925,0.03285259277815553,0.039280662760153566,0.08262655711635304,0.07802951259502161,0.081162074419379,0.08234797297297297,0.09212290964143471,0.07930821966175199,0.08216294598678413,0.08620107962213225,0.08761564219770944,0.10137458376681535,0.09959265200680963,0.10042853474489138,,,,0.09345188022566588,0.09083414627943183,
aep-financials,Free Cash Flow Margin,-0.06216121655266134,-0.018752997112568996,-0.031838064311250885,-0.06847818771968878,-0.13282373579597836,-0.18737750308510748,-0.18233130976960135,-0.14374955668818207,-0.1319280022403829,-0.13714810996928767,-0.11645001590694715,-0.12545970123074224,-0.15405550262029538,-0.11465498249822534,-0.17548116518632084,-0.19086078914840054,-0.16177229614237357,-0.17176475318113898,-0.1380194430713462,-0.14432110987995095,-0.11446913516778696,-0.08370113993585876,-0.06704895779150756,-0.04574122758297232,-0.06715980167575344,-0.09396482567108917,-0.11542505914900542,-0.12648086538523415,0.04789009977374246,0.07869727224335588,0.10449407914945368,0.10710268309924087,-0.015982808407763078,-0.0182724765037304,-0.017142249388447123,-0.0172135421574725,0.01887170884691124,0.018225367839069282,0.011685593463390225,0.026401686239084614,0.02952022761408179,0.04652883569096845,0.05741885385929492,0.05131271785360238,0.03303068147298073,0.03513851418043035,0.020820979113131712,0.036775386240591575,0.052124456339913014,0.029371954520844613,0.05630977061459239,0.06421957231363666,0.07402752050807092,0.11472262677081954,0.09826784390375413,0.08321908417877708,0.021972690094960837,0.0005604203152364273,-0.010830062509085622,-0.025294117647058825,-0.023500630143079546,-0.07096630216469538,-0.10662312770639597,-0.11447578130413692,-0.08441828254847646,-0.04930939226519337,-0.05078846427049297,-0.055051908173709606,-0.08684603886397609,-0.11682457212713937,-0.09012642519196463,-0.09224946779153197,-0.06306449057201712,-0.05025125628140704,-0.07961861298997637,-0.07750534803356919,-0.04351416068037321,-0.022168824122161073,0.03377265238879736,0.05126918112720493,0.0753948753948754,0.11179905720115388,0.10798024072914493,0.09020260893699694,0.07941751500033709,0.11203319502074689,0.09085101852509049,0.08241912798874824,0.028450137782080883,0.0608656105510498,0.05571200243549737,0.024592930059900448,0.09189994511095428,0.018575323790047716,-0.005303476723629935,-0.013577453198930261,-0.028871622814762493,-0.019493130067485556,-0.009451053807597077,-0.0023619511147693517,-0.0032733885633461305,-0.0021203286509408957,-0.01341481591891489,0.01864646632814451,0.01849662162162162,0.039874463355666814,0.06361504250075793,0.05584687819952926,0.07388663967611336,0.08492726755077773,0.09536518351643372,0.10736612654678732,0.11272775204411381,,,,0.08309974904458824,0.06977166660308429,
aep-financials,Effective Tax Rate,-0.01338843539738379,-0.05868667014320671,-0.047579265624378406,-0.03596539665010123,0.024130463605427144,0.007871245767556396,-0.03243580413764425,-0.018950064020486556,0.0023350341606849434,0.008338368580060424,0.03976573283097699,0.04150860811205136,0.044361653095713625,0.0658492635537449,0.039886625041077886,0.020829754337742656,0.018075515486923144,0.007400124197888636,0.028635597978663673,-0.005947833678926116,-0.006760297662718792,0.024043966109457294,-0.036090856633268636,0.027523809523809523,0.056544553969888674,0.11920053896249719,0.24035771973368003,0.29101585906603283,0.3364327099885508,0.31278705256251366,0.09394703656998739,0.04620192961000136,-0.13719285182427401,-0.062349759615384616,0.27849844191608086,0.3013833272661085,0.3099740452354468,0.34869244935543275,0.34916545311974906,0.35217589774802194,0.355858697366346,0.34527294014342164,0.35132398169679696,0.32007944228274965,0.3140116763969975,0.3037974683544304,0.2875662934590454,0.33098209441128595,0.32420826623725174,0.2962289868241708,0.2722953216374269,0.2690036900369004,0.2959479015918958,0.3316119513094799,0.36383731211317416,0.36861125451729476,0.3462574044157243,0.3087757313109426,0.3087885985748218,0.30970724191063176,0.2971576227390181,0.30873575691806837,0.31456200227531284,0.31095406360424027,0.31703703703703706,0.3174825174825175,0.31689497716894977,0.3273866923818708,0.3208955223880597,0.3394787031150667,0.33995584988962474,0.3232169954476479,0.3261600537995965,0.344390243902439,0.343801652892562,0.3473193473193473,0.34565916398713825,0.34445083381253594,0.32116402116402115,0.33371559633027525,0.3443708609271523,0.7131931166347992,1.5642201834862386,1.1758241758241759,0.7649572649572649,0.8988439306358381,0.652991452991453,0.8262548262548263,,0.5482295482295483,0.5384615384615384,0.4755381604696673,0.36286089238845143,0.5368770764119601,0.5593337959750173,0.6382001836547291,0.6927502876869965,0.3846846846846847,0.3421774931381519,0.32549595885378396,0.3314993122420908,0.32993014508328855,0.345625,0.34431741761936785,0.33987813134732564,0.3521753735767199,0.3874234751719447,0.37831332340881724,0.3850782190132371,0.4006212655417767,0.3753630295773571,0.37539443048007975,0.36811839268887714,,,,0.33921539286471386,0.29912490836278105,
aep-financials,EBITDA,8080.6,7596.5,7528.4,7645.3,7160.0,7109.9,6679.5,6636.8,6911.5,7061.8,7081.5,6988.3,6763.8,6561.1,6408.7,6334.3,6225.6,5976.8,5953.8,5692.9,5631.7,5681.1,5343.0,5458.9,5310.1,5393.4,5587.6,5465.5,5774.5,5519.4,3433.2,3565.0,3376.7,3580.5,5665.2,5630.6,5850.3,5598.7,5507.7,5405.5,5302.0,5416.7,5320.7,5128.7,4760.7,4374.0,4443.0,4613.0,4633.0,4858.0,5377.0,5305.0,5352.0,5345.0,4884.0,4564.0,4497.0,4477.0,4309.0,4555.0,4505.0,4417.0,4266.0,4176.0,4465.0,4529.0,4568.0,4430.0,3959.0,3929.0,3674.0,3578.0,3686.0,3160.0,3288.0,3348.0,3289.0,3793.0,3971.0,3831.0,3766.0,2631.0,2345.0,2411.0,2589.0,2415.0,2669.0,2619.0,1927.0,2947.0,2872.0,3083.0,3624.0,4338.0,4073.0,3509.0,3020.0,3381.0,3405.0,3809.0,3725.0,3545.0,3087.0,2677.0,2648.0,1225.579,1210.069,1302.738,1439.0,1859.936,1921.595,1899.276,1901.637,,,,1780.01,1663.839,
aep-financials,EBITDA Margin,0.4097397230405703,0.3875330320066115,0.3856011637078847,0.3957788694990449,0.3771934907782513,0.36865219690763346,0.3430556839542695,0.3362482140866763,0.3519183278596706,0.37523246793270915,0.39524577628692786,0.408588885315871,0.4027989518818485,0.40150662130076126,0.40600965498017055,0.40993133619378597,0.4173073700439052,0.400485127882122,0.3924073158675235,0.3732535191875217,0.3619018854344725,0.3607849363350586,0.33892391814571887,0.33688179607756014,0.3278709780991251,0.3328232027152114,0.3497364896160635,0.3517075399455595,0.3743622324942139,0.35829557404930995,0.21521931281774814,0.21913513845775578,0.20614648262220622,0.22095441446000236,0.3544316468446374,0.35373200902140384,0.35557216833199623,0.3360947527028893,0.33608743142722897,0.3255344775669979,0.32371509164397444,0.33680708845017876,0.3305295853393384,0.32801637299734576,0.32137577209977386,0.2878199644666711,0.29274560189760823,0.3045688630661561,0.3100033456005353,0.32877639415268,0.3595933926302414,0.3534075011658117,0.35406192114315954,0.3538329140738779,0.32917705735660846,0.31285988483685223,0.31170721563734666,0.31362521891418566,0.3131995929640936,0.33492647058823527,0.3339758321595374,0.32857249125939153,0.3028323986654362,0.28937703554847205,0.3092105263157895,0.31277624309392266,0.3244779087938628,0.3238777599064191,0.2958893871449925,0.30019865525672373,0.2849608314589312,0.28210991090436016,0.29202978925685313,0.25205392039562896,0.2679488224268601,0.2754648675333224,0.27157129881925524,0.294008216417332,0.29736408566721584,0.2747024236340169,0.2643734643734644,0.18511222120593823,0.16315313434912684,0.16729114626699973,0.17454324816288005,0.16984316759265772,0.18943856909645823,0.18417721518987343,0.1435167945185075,0.2233760327446373,0.21858588933708806,0.13005146376444782,0.2841684309574218,0.24642126789366053,0.16000785700255352,0.18046698210244805,0.2666431220201307,0.08207505947468077,0.10281417960021741,0.13631320903267366,0.15053546170943624,0.23489265836204612,0.23006409300939037,0.22284192125197702,0.22364864864864864,0.1913239591937218,0.1973440634544038,0.21869281346384573,0.24274628879892038,0.31501321661409776,0.3310390010644751,0.32613871811594425,0.32510872363800114,,,,0.3139164739971042,0.3022595359939833,
aep-financials,Depreciation & Amortization,3289.9,3242.7,3182.3,3102.0,3090.4,3095.4,3124.9,3185.9,3202.8,3274.0,3152.5,3024.4,2961.1,2824.5,2802.9,2842.1,2819.3,2876.1,2842.6,2751.5,2651.0,2464.7,2422.1,2352.7,2286.6,2206.8,2122.7,2055.0,1997.2,1898.0,1918.8,1947.1,1962.3,2031.9,2027.5,2011.4,2009.7,2007.6,1956.7,1902.0,1897.6,1820.5,1783.5,1783.5,1712.5,1739.0,1762.0,1779.0,1782.0,1750.0,1725.0,1675.0,1655.0,1662.0,1641.0,1636.0,1641.0,1634.0,1631.0,1623.0,1597.0,1560.0,1526.0,1502.0,1483.0,1492.0,1486.0,1485.0,1513.0,1527.0,1528.0,1510.0,1467.0,1444.0,1398.0,1369.0,1348.0,1340.0,1337.0,1332.0,1324.0,1308.0,1304.0,1317.0,1307.0,1261.0,1311.0,1329.0,1356.0,1373.0,1290.0,1251.0,1267.0,1136.0,1150.0,1155.0,1152.0,1294.0,1335.0,1471.0,1294.0,1684.0,1487.0,1190.0,1171.0,615.506,613.682,609.284,608.0,603.946,599.11,595.597,590.657,,,,578.003,561.188,
aep-financials,EBIT,4790.7,4353.8,4346.1,4543.3,4069.6,4014.5,3554.6,3450.9,3708.7,3787.8,3929.0,3963.9,3802.7,3736.6,3605.8,3492.2,3406.3,3100.7,3111.2,2941.4,2980.7,3216.4,2920.9,3106.2,3023.5,3186.6,3464.9,3410.5,3777.3,3621.4,1514.4,1617.9,1414.4,1548.6,3637.7,3619.2,3840.6,3591.1,3551.0,3503.5,3404.4,3596.2,3537.2,3345.2,3048.2,2635.0,2681.0,2834.0,2851.0,3108.0,3652.0,3630.0,3697.0,3683.0,3243.0,2928.0,2856.0,2843.0,2678.0,2932.0,2908.0,2857.0,2740.0,2674.0,2982.0,3037.0,3082.0,2945.0,2446.0,2402.0,2146.0,2068.0,2219.0,1716.0,1890.0,1979.0,1941.0,2453.0,2634.0,2499.0,2442.0,1323.0,1041.0,1094.0,1282.0,1154.0,1358.0,1290.0,571.0,1574.0,1582.0,1832.0,2357.0,3202.0,2923.0,2354.0,1868.0,2087.0,2070.0,2338.0,2431.0,1861.0,1600.0,1487.0,1477.0,610.073,596.387,693.454,831.0,1255.99,1322.485,1303.679,1310.98,,,,1202.007,1102.651,
aep-financials,EBIT Margin,0.24292009147469995,0.222107722602565,0.22260523053913686,0.2351957591978092,0.21438919414401839,0.20815401686179755,0.18256242745472662,0.17483711457203943,0.18883881972555308,0.20126675097503693,0.219292615269553,0.23175958137223376,0.22645902810862314,0.2286612978239052,0.2284378444813299,0.2260016437895173,0.2283272446961826,0.20776740664303567,0.20505519855000823,0.192852131837583,0.19154446258048763,0.20426126440796366,0.18528221458203822,0.19169104306290963,0.1866853547546571,0.19664301141622956,0.2168734273875543,0.2194673067394256,0.24488327314925867,0.23508562377471665,0.09493420928905912,0.09944985708577926,0.08634867918999274,0.09556486698303579,0.22758525766552593,0.22736953203038127,0.23342571657793013,0.21557680647852998,0.21668690542296967,0.21099066546221018,0.2078565933596278,0.22360951344629254,0.21973598384842366,0.21394902625435708,0.20577176224389915,0.17338948476673027,0.17664887658957634,0.18711210880760598,0.1907661425225828,0.21034109366540335,0.2442319267036715,0.24182266338018787,0.24457528446679017,0.24381040646100888,0.21857518366246545,0.20071291472443104,0.19796215429403202,0.19915936952714536,0.1946503852304114,0.21558823529411764,0.2155830676847802,0.21252696570705942,0.19450557251366507,0.18529554431432332,0.20650969529085872,0.20973756906077348,0.21892314249183123,0.21530925573914314,0.1828101644245142,0.18352689486552567,0.1664469091755216,0.16305290546400694,0.17580415148154016,0.13687485044268963,0.1540216771249287,0.16282705282211618,0.1602675253901412,0.19014029920161227,0.19724427137936199,0.17919116592571346,0.17142857142857143,0.09308379652430873,0.07242746816948445,0.07590896475159589,0.08642890851479809,0.08115901258878964,0.0963872524664632,0.09071729957805907,0.04252625307216802,0.11930569241264306,0.12040490143846563,0.07728001349869232,0.18481925821375364,0.1818904794364917,0.11483009231978,0.12106562435712816,0.16493024898463712,0.05066271787153469,0.06250377438251102,0.08367032888379916,0.09824206910486967,0.12331036310628148,0.11924280816813236,0.12378256888370931,0.12474662162162162,0.09523790939400188,0.09726175447134132,0.11641128628147615,0.14018218623481782,0.21272422811061273,0.22782850357268433,0.22386435562534152,0.22412849272229493,,,,0.21198184232663708,0.20031191697231623,
nee-financials,Revenue,24753.0,26245.0,25850.0,27130.0,28114.0,27401.0,26948.0,24782.0,20956.0,19838.0,17489.0,16233.0,17069.0,16418.0,16833.0,17110.0,17997.0,18190.0,18977.0,19743.0,19204.0,19007.0,17851.0,16944.0,16727.0,16324.0,16716.0,17057.0,17173.0,16865.0,16862.0,16275.0,16138.0,16526.0,16675.0,17216.0,17486.0,18080.0,17780.0,17451.0,17021.0,15987.0,15727.0,15531.0,15136.0,14881.0,14330.0,14164.0,14256.0,14746.0,15285.0,15579.0,15341.0,14890.0,15199.0,14829.0,15317.0,15559.0,15341.0,15561.0,15643.0,15992.0,16906.0,16680.0,16410.0,16090.0,15278.0,15622.0,15263.0,15202.0,15321.0,15201.0,15710.0,15251.0,14061.0,12993.0,11846.0,11271.0,10750.0,10628.0,10522.0,10368.0,10160.0,9880.0,9630.0,9118.0,8696.0,8485.0,8173.0,7947.0,8084.0,8122.0,8217.0,8434.0,8031.0,7535.0,7062.0,6745.0,6550.0,6494.0,6438.0,6550.0,6657.0,6735.0,6661.0,6368.0,6228.0,6123.0,6369.0,6326.608,6237.207,6124.293,6037.0,,,,5592.0,5422.659,
nee-financials,Revenue Growth,-0.11954897915629226,-0.042188241305061824,-0.040745138785809654,0.09474618674844648,0.34157281924031313,0.3812380280270189,0.540854251243639,0.526643257561757,0.2277227722772277,0.20830795468388352,0.03897106873403433,-0.05125657510227932,-0.05156414958048561,-0.097416162726773,-0.11297886915740107,-0.13336372385149164,-0.06285148927306816,-0.04298416372915237,0.06307769872836255,0.16519121813031168,0.1480839361511328,0.1643592256799804,0.06789901890404404,-0.006624846104238746,-0.025971000989925996,-0.032078268603616955,-0.008658522120744916,0.048049155145929445,0.06413434130623363,0.020513130824155956,0.01121439280359815,-0.05465845724907059,-0.07709024362347017,-0.08595132743362832,-0.06214848143981999,-0.013466277004183125,0.02731919393690152,0.1309188715831613,0.13053983595091245,0.12362372030133284,0.1245375264270614,0.07432296216652112,0.09748778785764123,0.09651228466534878,0.06172839506172845,0.009155025091550195,-0.06247955511939807,-0.09082739585339239,-0.07072550681181144,-0.009670920080591006,0.005658266991249494,0.05057657293141826,0.0015668864660181026,-0.042997621955138454,-0.009256241444495106,-0.04704067861962602,-0.020839992328837154,-0.027076038019009485,-0.09257068496391818,-0.06708633093525185,-0.04673979280926266,-0.006090739589807326,0.1065584500589083,0.06772500320061448,0.07514905326606836,0.05841336666228125,-0.002806605312969168,0.027695546345635202,-0.028453214513049052,-0.003212904071864142,0.08960955835289108,0.1699376587393211,0.32618605436434245,0.3531186230148169,0.30800000000000005,0.22252540459164472,0.12583159095229046,0.08709490740740744,0.05807086614173218,0.07570850202429158,0.09262720664589819,0.13709146742706735,0.16835326586936517,0.16440777843252796,0.17826991312859408,0.14735120171133764,0.07570509648688772,0.044693425264713094,-0.0053547523427041055,-0.057742470950913005,0.006599427219524445,0.07790311877903111,0.16355140186915884,0.25040770941438106,0.22610687022900766,0.16030181706190327,0.09692451071761421,0.02977099236641223,-0.01607330629412651,-0.035783221974758694,-0.03347845668818494,0.028580402010050188,0.06888246628131012,0.09995100440960303,0.04584707175380753,0.006542526421741357,-0.0014761414844817189,-0.00021112641083631534,0.05499420241841979,,,,0.07957796852646637,,,,,,
nee-financials,Cost of Revenue,9886.0,9945.0,9997.0,10032.0,10138.0,10438.0,10846.0,10926.0,10817.0,10400.0,9535.0,8938.0,8508.0,8311.0,8051.0,7717.0,7473.0,7438.0,7534.0,7873.0,8003.0,7703.0,7487.0,7255.0,7062.0,7180.0,7260.0,7380.0,7529.0,7534.0,7591.0,7532.0,7521.0,7672.0,7913.0,8226.0,8596.0,7937.0,8355.0,8703.0,8751.0,9996.0,9891.0,9779.0,9432.0,9329.0,9359.0,9339.0,9462.0,9733.0,10074.0,10337.0,10462.0,10427.0,10487.0,10388.0,10283.0,10410.0,10566.0,10841.0,11284.0,11555.0,12067.0,12209.0,12143.0,12165.0,11808.0,11833.0,11645.0,11600.0,11724.0,11769.0,12097.0,11659.0,10747.0,9827.0,8916.0,8438.0,8042.0,7866.0,7758.0,7696.0,7462.0,7234.0,6994.0,6559.0,6237.0,6067.0,5789.0,5544.0,5639.0,5691.0,5795.0,6027.0,5665.0,5181.0,4723.0,4441.0,4279.0,4281.0,4233.0,4231.0,4211.0,4179.0,4125.0,4081.0,4053.0,4030.0,4080.0,4128.743,4052.448,3991.32,3906.0,,,,3477.0,3550.361,
nee-financials,Gross Profit,14867.0,16300.0,15853.0,17098.0,17976.0,16963.0,16102.0,13856.0,10139.0,9438.0,7954.0,7295.0,8561.0,8107.0,8782.0,9393.0,10524.0,10752.0,11443.0,11870.0,11201.0,11304.0,10364.0,9689.0,9665.0,9144.0,9456.0,9677.0,9644.0,9331.0,9271.0,8743.0,8617.0,8854.0,8762.0,8990.0,8890.0,10143.0,9425.0,8748.0,8270.0,5991.0,5836.0,5752.0,5704.0,5552.0,4971.0,4825.0,4794.0,5013.0,5211.0,5242.0,4879.0,4463.0,4712.0,4441.0,5034.0,5149.0,4775.0,4720.0,4359.0,4437.0,4839.0,4471.0,4267.0,3925.0,3470.0,3789.0,3618.0,3602.0,3597.0,3432.0,3613.0,3592.0,3314.0,3166.0,2930.0,2833.0,2708.0,2762.0,2764.0,2672.0,2698.0,2646.0,2636.0,2559.0,2459.0,2418.0,2384.0,2403.0,2445.0,2431.0,2422.0,2407.0,2366.0,2354.0,2339.0,2304.0,2271.0,2213.0,2205.0,2319.0,2446.0,2556.0,2536.0,2287.0,2175.0,2093.0,2289.0,2197.865,2184.759,2132.973,2131.0,,,,2115.0,1872.298,
nee-financials,"Selling, General & Admin",0.0,0.0,0.0,0.0,0.0,0.0,0.0,0.0,0.0,0.0,0.0,0.0,0.0,0.0,0.0,0.0,0.0,0.0,0.0,0.0,0.0,0.0,0.0,0.0,0.0,0.0,0.0,0.0,0.0,0.0,0.0,0.0,0.0,0.0,0.0,0.0,0.0,0.0,0.0,0.0,0.0,0.0,0.0,0.0,0.0,0.0,0.0,0.0,0.0,0.0,0.0,0.0,0.0,0.0,0.0,0.0,0.0,0.0,0.0,0.0,0.0,0.0,0.0,0.0,0.0,0.0,0.0,0.0,0.0,0.0,0.0,0.0,0.0,0.0,0.0,0.0,0.0,0.0,0.0,0.0,0.0,0.0,0.0,0.0,0.0,0.0,0.0,0.0,0.0,0.0,0.0,0.0,0.0,0.0,0.0,0.0,0.0,0.0,0.0,0.0,0.0,0.0,0.0,0.0,0.0,0.0,0.0,0.0,0.0,0.0,0.0,0.0,0.0,,,,0.0,0.0,
nee-financials,Research & Development,0.0,0.0,0.0,0.0,0.0,0.0,0.0,0.0,0.0,0.0,0.0,0.0,0.0,0.0,0.0,0.0,0.0,0.0,0.0,0.0,0.0,0.0,0.0,0.0,0.0,0.0,0.0,0.0,0.0,0.0,0.0,0.0,0.0,0.0,0.0,0.0,0.0,0.0,0.0,0.0,0.0,0.0,0.0,0.0,0.0,0.0,0.0,0.0,0.0,0.0,0.0,0.0,0.0,0.0,0.0,0.0,0.0,0.0,0.0,0.0,0.0,0.0,0.0,0.0,0.0,0.0,0.0,0.0,0.0,0.0,0.0,0.0,0.0,0.0,0.0,0.0,0.0,0.0,0.0,0.0,0.0,0.0,0.0,0.0,0.0,0.0,0.0,0.0,0.0,0.0,0.0,0.0,0.0,0.0,0.0,0.0,0.0,0.0,0.0,0.0,0.0,0.0,0.0,0.0,0.0,0.0,0.0,0.0,0.0,0.0,0.0,0.0,0.0,,,,0.0,0.0,
nee-financials,Operating Expenses,7388.0,7101.0,7674.0,7790.0,7739.0,7340.0,6453.0,6058.0,6058.0,6048.0,6047.0,5826.0,5648.0,5609.0,5655.0,5590.0,5408.0,5700.0,5806.0,5672.0,5848.0,5722.0,5407.0,5333.0,5385.0,5787.0,5716.0,5808.0,4471.0,4409.0,4425.0,4257.0,4158.0,4555.0,4257.0,4254.0,4258.0,4856.0,4456.0,3974.0,3886.0,2499.0,2322.0,2208.0,2463.0,2221.0,2083.0,1918.0,1518.0,1453.0,1482.0,1606.0,1618.0,1763.0,1798.0,1725.0,1807.0,1819.0,1721.0,1770.0,1765.0,1648.0,1583.0,1507.0,1442.0,1432.0,1393.0,1361.0,1335.0,1423.0,1446.0,1510.0,1516.0,1434.0,1469.0,1436.0,1440.0,1453.0,1364.0,1304.0,1279.0,1194.0,1178.0,1147.0,1105.0,1042.0,1192.0,1155.0,1159.0,1177.0,991.0,1006.0,1013.0,1098.0,1089.0,1110.0,1099.0,1103.0,1111.0,1265.0,1285.0,1317.0,1386.0,1314.0,1284.0,1061.0,1013.0,927.0,1061.0,998.659,990.42,960.346,960.0,,,,918.0,723.856,
nee-financials,Other Operating Expenses,7388.0,7101.0,7674.0,7790.0,7739.0,7340.0,6453.0,6058.0,6058.0,6048.0,6047.0,5826.0,5648.0,5609.0,5655.0,5590.0,5408.0,5700.0,5806.0,5672.0,5848.0,5722.0,5407.0,5333.0,5385.0,5787.0,5716.0,5808.0,4471.0,4409.0,4425.0,4257.0,4158.0,4555.0,4257.0,4254.0,4258.0,4856.0,4456.0,3974.0,3886.0,2499.0,2322.0,2208.0,2463.0,2221.0,2083.0,1918.0,1518.0,1453.0,1482.0,1606.0,1618.0,1763.0,1798.0,1725.0,1807.0,1819.0,1721.0,1770.0,1765.0,1648.0,1583.0,1507.0,1442.0,1432.0,1393.0,1361.0,1335.0,1423.0,1446.0,1510.0,1516.0,1434.0,1469.0,1436.0,1440.0,1453.0,1364.0,1304.0,1279.0,1194.0,1178.0,1147.0,1105.0,1042.0,1192.0,1155.0,1159.0,1177.0,991.0,1006.0,1013.0,1098.0,1089.0,1110.0,1099.0,1103.0,1111.0,1265.0,1285.0,1317.0,1386.0,1314.0,1284.0,1061.0,1013.0,927.0,1061.0,998.659,990.42,960.346,960.0,0.0,0.0,0.0,918.0,723.856,
nee-financials,Operating Income,7479.0,9199.0,8179.0,9308.0,10237.0,9623.0,9649.0,7798.0,4081.0,3390.0,1907.0,1469.0,2913.0,2498.0,3127.0,3803.0,5116.0,5052.0,5637.0,6198.0,5353.0,5582.0,4957.0,4356.0,4280.0,3357.0,3740.0,3869.0,5173.0,4922.0,4846.0,4486.0,4459.0,4299.0,4505.0,4736.0,4632.0,5287.0,4969.0,4774.0,4384.0,3492.0,3514.0,3544.0,3241.0,3331.0,2888.0,2907.0,3276.0,3560.0,3729.0,3636.0,3261.0,2700.0,2914.0,2716.0,3227.0,3330.0,3054.0,2950.0,2594.0,2789.0,3256.0,2964.0,2825.0,2493.0,2077.0,2428.0,2283.0,2179.0,2151.0,1922.0,2097.0,2158.0,1845.0,1730.0,1490.0,1380.0,1344.0,1458.0,1485.0,1478.0,1520.0,1499.0,1531.0,1517.0,1267.0,1263.0,1225.0,1226.0,1454.0,1425.0,1409.0,1309.0,1277.0,1244.0,1240.0,1201.0,1160.0,948.0,920.0,1002.0,1060.0,1242.0,1252.0,1226.0,1162.0,1166.0,1228.0,1199.206,1194.339,1172.627,1171.0,,,,1197.0,1148.442,
nee-financials,Interest Expense / Income,2235.0,4940.0,3149.0,2464.0,3324.0,2029.0,2262.0,1910.0,585.0,499.0,575.0,1549.0,1270.0,782.0,655.0,218.0,1950.0,2027.0,2565.0,2846.0,2249.0,2771.0,2193.0,1986.0,1498.0,1175.0,1388.0,1424.0,1558.0,789.0,777.0,949.0,1098.0,1779.0,1721.0,1399.0,1211.0,1233.0,1238.0,1263.0,1261.0,1236.0,1208.0,1169.0,1121.0,1069.0,1040.0,1044.0,1038.0,1054.0,1060.0,1046.0,1035.0,1022.0,1004.0,995.0,979.0,950.0,907.0,875.0,849.0,846.0,845.0,825.0,813.0,807.0,798.0,781.0,762.0,732.0,717.0,717.0,706.0,691.0,662.0,624.0,593.0,549.0,521.0,505.0,489.0,480.0,464.0,424.0,379.0,344.0,312.0,307.0,311.0,307.0,316.0,319.0,324.0,327.0,318.0,300.0,278.0,259.0,243.0,237.0,222.0,257.0,300.0,306.0,322.0,291.0,260.0,270.0,291.0,279.358,274.883,268.754,267.0,,,,291.0,318.967,
nee-financials,Other Expense / Income,-2041.0,-3029.0,-1574.0,-1494.0,-1403.0,-1194.0,-2247.0,-2128.0,-1237.0,-1460.0,-1420.0,-1274.0,-2278.0,-696.0,-878.0,-1109.0,203.0,-1146.0,-678.0,-296.0,-1113.0,-634.0,-874.0,-917.0,-5432.0,-5804.0,-5715.0,-5697.0,-1105.0,-1878.0,-1902.0,-2111.0,-924.0,-1059.0,-924.0,-602.0,-559.0,-509.0,-471.0,-485.0,-518.0,-501.0,-507.0,-475.0,-565.0,-538.0,-526.0,-540.0,-365.0,-454.0,-287.0,-243.0,-226.0,-113.0,-276.0,-232.0,-241.0,-247.0,-235.0,-254.0,-197.0,-111.0,-63.0,-54.0,-77.0,-120.0,-152.0,-156.0,-159.0,-283.0,-294.0,-302.0,-287.0,-205.0,-223.0,-246.0,-286.0,-264.0,-243.0,-208.0,-172.0,-147.0,-117.0,-96.0,-106.0,-95.0,-29.0,-51.0,197.0,209.0,136.0,149.0,-75.0,-89.0,-92.0,-84.0,-78.0,-172.0,-165.0,-171.0,-322.0,-198.0,-180.0,-164.0,-13.0,14.0,19.0,31.0,15.0,-6.409,6.937,21.203,31.0,,,,24.0,3.482,
nee-financials,Pretax Income,7285.0,7288.0,6604.0,8338.0,8316.0,8788.0,9634.0,8016.0,4733.0,4351.0,2752.0,1194.0,3921.0,2412.0,3350.0,4694.0,2963.0,4171.0,3750.0,3648.0,4217.0,3445.0,3638.0,3287.0,8214.0,7986.0,8067.0,8142.0,4720.0,6011.0,5971.0,5648.0,4285.0,3579.0,3708.0,3939.0,3980.0,4563.0,4202.0,3996.0,3641.0,2757.0,2813.0,2850.0,2685.0,2800.0,2374.0,2403.0,2603.0,2960.0,2956.0,2833.0,2452.0,1791.0,2186.0,1953.0,2489.0,2627.0,2382.0,2329.0,1942.0,2054.0,2474.0,2193.0,2089.0,1806.0,1431.0,1803.0,1680.0,1730.0,1728.0,1507.0,1678.0,1672.0,1406.0,1352.0,1183.0,1095.0,1066.0,1161.0,1168.0,1145.0,1173.0,1171.0,1258.0,1268.0,984.0,1007.0,717.0,710.0,1002.0,957.0,1160.0,1071.0,1051.0,1028.0,1040.0,1114.0,1082.0,882.0,1020.0,943.0,940.0,1100.0,943.0,921.0,883.0,865.0,922.0,926.257,912.519,882.67,873.0,,,,882.0,825.993,
nee-financials,Income Tax,339.0,336.0,285.0,846.0,1006.0,1166.0,1535.0,1332.0,586.0,522.0,172.0,-262.0,348.0,48.0,204.0,529.0,44.0,271.0,200.0,139.0,448.0,230.0,297.0,399.0,1576.0,-388.0,-149.0,-86.0,-660.0,1828.0,1882.0,1812.0,1379.0,1126.0,1129.0,1184.0,1228.0,1434.0,1292.0,1310.0,1176.0,848.0,866.0,785.0,777.0,791.0,648.0,680.0,692.0,810.0,814.0,718.0,529.0,273.0,355.0,285.0,532.0,586.0,528.0,522.0,327.0,380.0,559.0,439.0,450.0,350.0,216.0,392.0,368.0,374.0,378.0,326.0,397.0,436.0,358.0,337.0,282.0,235.0,225.0,266.0,272.0,285.0,302.0,318.0,368.0,394.0,291.0,303.0,244.0,248.0,356.0,342.0,379.0,343.0,343.0,335.0,336.0,355.0,346.0,273.0,323.0,273.0,274.0,335.0,279.0,303.0,290.0,284.0,304.0,314.398,312.544,296.382,294.0,,,,329.0,307.282,
nee-financials,Net Income,6946.0,6952.0,6319.0,7492.0,7310.0,7622.0,8099.0,6684.0,4147.0,3829.0,2580.0,1456.0,3573.0,2364.0,3146.0,4165.0,2919.0,3900.0,3550.0,3509.0,3769.0,3215.0,3341.0,2888.0,6638.0,8374.0,8216.0,8228.0,5380.0,4183.0,4089.0,3836.0,2906.0,2453.0,2579.0,2755.0,2752.0,3129.0,2910.0,2686.0,2465.0,1909.0,1947.0,2065.0,1908.0,2009.0,1726.0,1723.0,1911.0,2150.0,2142.0,2115.0,1923.0,1518.0,1831.0,1668.0,1957.0,2041.0,1854.0,1807.0,1615.0,1674.0,1915.0,1754.0,1639.0,1456.0,1215.0,1411.0,1312.0,1356.0,1350.0,1181.0,1281.0,1236.0,1048.0,1015.0,901.0,860.0,841.0,895.0,896.0,860.0,871.0,853.0,890.0,874.0,693.0,704.0,473.0,462.0,646.0,615.0,781.0,728.0,708.0,693.0,704.0,759.0,736.0,609.0,697.0,670.0,666.0,765.0,664.0,618.0,593.0,581.0,618.0,611.859,599.975,586.288,579.0,,,,553.0,518.711,
nee-financials,Preferred Dividends,0.0,0.0,0.0,0.0,0.0,0.0,0.0,0.0,0.0,0.0,0.0,0.0,0.0,0.0,0.0,0.0,0.0,0.0,0.0,0.0,0.0,0.0,0.0,0.0,0.0,0.0,0.0,0.0,0.0,0.0,0.0,0.0,0.0,0.0,0.0,0.0,0.0,0.0,0.0,0.0,0.0,0.0,0.0,0.0,0.0,0.0,0.0,0.0,0.0,0.0,0.0,0.0,0.0,0.0,0.0,0.0,0.0,0.0,0.0,0.0,0.0,0.0,0.0,0.0,0.0,0.0,0.0,0.0,0.0,0.0,0.0,0.0,0.0,0.0,0.0,0.0,0.0,0.0,0.0,0.0,0.0,0.0,0.0,0.0,0.0,0.0,0.0,0.0,0.0,0.0,0.0,0.0,0.0,0.0,0.0,0.0,0.0,0.0,0.0,0.0,0.0,0.0,0.0,0.0,0.0,0.0,0.0,0.0,0.0,0.0,0.0,0.0,0.0,,,,0.0,0.0,
nee-financials,Net Income Common,6946.0,6952.0,6319.0,7492.0,7310.0,7622.0,8099.0,6684.0,4147.0,3829.0,2580.0,1456.0,3573.0,2364.0,3146.0,4165.0,2919.0,3900.0,3550.0,3509.0,3769.0,3215.0,3341.0,2888.0,6638.0,8374.0,8216.0,8228.0,5380.0,4183.0,4089.0,3836.0,2906.0,2453.0,2579.0,2755.0,2752.0,3129.0,2910.0,2686.0,2465.0,1909.0,1947.0,2065.0,1908.0,2009.0,1726.0,1723.0,1911.0,2150.0,2142.0,2115.0,1923.0,1518.0,1831.0,1668.0,1957.0,2041.0,1854.0,1807.0,1615.0,1674.0,1915.0,1754.0,1639.0,1456.0,1215.0,1411.0,1312.0,1356.0,1350.0,1181.0,1281.0,1236.0,1048.0,1015.0,901.0,860.0,841.0,895.0,896.0,860.0,871.0,853.0,890.0,874.0,693.0,704.0,473.0,462.0,646.0,615.0,781.0,728.0,708.0,693.0,704.0,759.0,736.0,609.0,697.0,670.0,666.0,765.0,664.0,618.0,593.0,581.0,618.0,611.859,599.975,586.288,579.0,,,,553.0,518.711,
nee-financials,Net Income Growth,-0.049794801641586894,-0.08790343741800055,-0.21978021978021978,0.1208856971873129,0.7627200385821076,0.990598067380517,2.1391472868217054,3.5906593406593403,0.16064931430170715,0.6197123519458545,-0.1799109980928163,-0.6504201680672269,0.22404933196300103,-0.39384615384615385,-0.11380281690140848,0.18694784838985457,-0.22552401167418412,0.213063763608087,0.06255612092187968,0.21502770083102485,-0.43220849653510096,-0.6160735610222117,-0.5933544303797469,-0.6490034030140982,0.23382899628252796,1.001912502988286,1.009293225727562,1.1449426485922838,0.8513420509291121,0.7052588666938442,0.5854982551376502,0.392377495462795,0.05595930232558133,-0.21604346436561206,-0.11374570446735399,0.025688756515264366,0.11643002028397564,0.6390780513357779,0.4946070878274269,0.30072639225181597,0.29192872117400426,-0.04977600796416126,0.12804171494785632,0.19849100406268128,-0.0015698587127158659,-0.06558139534883722,-0.19421101774042948,-0.1853427895981088,-0.006240249609984372,0.4163372859025032,0.16985253959584923,0.2679856115107915,-0.017373530914665314,-0.25624693777560015,-0.012405609492988079,-0.07692307692307687,0.21176470588235285,0.2192353643966547,-0.03185378590078325,0.030216647662485663,-0.014643075045759568,0.14972527472527464,0.5761316872427984,0.2430900070871722,0.2492378048780488,0.07374631268436582,-0.09999999999999998,0.1947502116850126,0.024199843871975046,0.09708737864077666,0.28816793893129766,0.16354679802955663,0.42175360710321863,0.4372093023255814,0.24613555291319855,0.13407821229050287,0.005580357142857206,0.0,-0.03444316877152698,0.049237983587338885,0.006741573033707926,-0.016018306636155555,0.2568542568542569,0.2116477272727273,0.8816067653276956,0.8917748917748918,0.0727554179566563,0.1447154471544716,-0.3943661971830986,-0.3653846153846154,-0.08757062146892658,-0.11255411255411252,0.109375,-0.040843214756258184,-0.03804347826086951,0.13793103448275867,0.010043041606886627,0.13283582089552248,0.10510510510510507,-0.20392156862745103,0.04969879518072284,0.08414239482200658,0.12310286677908944,0.3166953528399312,0.0744336569579287,0.010036626085421663,-0.011625484395183183,-0.009019458013808879,0.06735751295336789,,,,0.047016274864376095,,,,,,
nee-financials,Shares Outstanding (Basic),2056.40454,2055.353601,2054.532552,2052.429154,2051.707741,2023.713997,2023.421945,1987.495306,1987.163652,1964.779183,1964.499706,1962.744998,1962.137094,1961.756997,1961.44506,1959.874682,1959.074124,1958.591044,1957.8002,1955.863572,1955.103612,1927.6,1915.6,1913.2,1892.8,1892.4,1884.4,1882.8,1875.2,1877.6,1871.6,1870.0,1852.4,1853.2,1845.2,1842.0,1802.0,1816.4,1782.0,1769.2,1737.6,1738.0,1736.4,1734.0,1696.8,1695.2,1687.2,1684.0,1666.8,1677.2,1660.0,1649.2,1666.4,1669.6,1667.6,1663.2,1641.2,1643.6,1635.6,1630.0,1617.6,1620.4,1614.8,1609.2,1600.4,1601.6,1599.2,1596.4,1590.8,1592.4,1590.4,1587.2,1574.0,1579.6,1577.2,1556.8,1520.4,1535.2,1525.6,1482.8,1434.4,1436.4,1432.4,1427.2,1420.4,1422.4,1418.4,1414.4,1383.2,1405.6,1364.8,1352.8,1349.6,1350.4,1349.6,1348.0,1359.2,1360.0,1360.0,1360.0,1370.4,1368.0,1368.0,1376.0,1384.0,1376.0,1384.0,1384.0,1384.0,1384.0,1384.0,1384.0,1392.0,1390.8,1392.824,1397.648,1400.0,1424.072,
nee-financials,Shares Outstanding (Diluted),,,,,,,,,,,,,,,,,,,,,,1944.0,1931.2,1927.2,1908.0,1909.6,1900.8,1897.2,1890.0,1894.0,1886.8,1880.8,1863.2,1864.0,1858.4,1853.6,1816.0,1824.0,1796.8,1795.2,1760.4,1762.0,1760.4,1752.8,1708.0,1707.2,1699.2,1694.8,1676.8,1686.8,1668.8,1658.8,1676.0,1679.2,1677.2,1673.6,1652.0,1654.8,1645.6,1640.4,1628.8,1632.0,1625.6,1619.2,1610.8,1612.0,1610.4,1608.0,1602.4,1603.6,1601.6,1598.8,1586.0,1590.4,1586.8,1571.6,1542.8,1559.2,1545.2,1506.8,1446.8,1448.8,1439.2,1437.2,1425.2,1426.4,1424.8,1416.8,1386.4,1407.2,1368.8,1354.4,1351.2,1352.0,1350.4,1349.6,1361.6,1368.0,1360.0,1368.0,1372.0,1368.0,1368.0,1376.0,1384.0,1376.0,1384.0,1384.0,1384.0,,,,1392.0,,,,1400.0,,
nee-financials,Shares Change,0.0022892144461621466,0.015634424650372125,0.015375244435238189,0.032671195652121954,0.032480510065207246,0.029995642517961274,0.029993508688262338,0.012610047675688962,0.01275474485270589,0.0015405506414003511,0.0015573446650603007,0.0014645405782123255,0.0015634783607605396,0.0016164441319685974,0.0018617119356714174,0.0020508127751970306,0.0020308447980095234,0.007505681069958747,0.013773922949461559,0.014873169364881589,0.024687427672956064,0.018014243820695386,0.015993265993266004,0.015812776723592714,0.00952380952380949,0.008236536430834107,0.007419970320118763,0.008719693747341495,0.014383855732073902,0.016094420600858417,0.015281962978906494,0.014674147604661236,0.025991189427312822,0.021929824561403466,0.03428317008014248,0.03253119429590012,0.031583730970234036,0.03518728717366626,0.02067711883662815,0.024189867640346918,0.030679156908665073,0.032099343955014126,0.03601694915254239,0.03422232711824402,0.018606870229007644,0.012093905620109036,0.0182166826462129,0.021702435495538852,0.0004773269689737347,0.004525964745116795,-0.005008347245408995,-0.008843212237093723,0.014527845036319542,0.014744984288131535,0.019202722411278517,0.02023896610582776,0.014243614931237714,0.013970588235294068,0.012303149606299302,0.013092885375494134,0.011174571641420439,0.012406947890818865,0.009438648782911008,0.006965174129353269,0.0052421367948078945,0.005238214018458365,0.005494505494505475,0.005754315736802518,0.010340479192938234,0.008299798792756441,0.009326947315351664,0.017307202850598058,0.02800103707544732,0.02001026167265274,0.026922081283976107,0.04300504380143355,0.06635333149018519,0.07620099392600777,0.07365202890494715,0.04842749791260781,0.015155767611563231,0.015703869882220944,0.010106681639528325,0.014398644833427454,0.027986151182919805,0.013644115974985827,0.040911747516072516,0.04607206142941522,0.026050917702782783,0.040828402366863914,0.013625592417061627,0.003556609365737984,-0.00763807285546414,-0.011695906432748537,-0.007058823529411784,-0.013450292397660824,-0.007580174927113714,0.0,-0.005847953216374324,-0.005813953488372103,-0.00867052023121384,-0.005813953488372103,-0.011560693641618491,-0.005780346820809301,0.0,-0.005780346820809301,0.0,0.0,-0.005747126436781658,-0.004889272361230934,-0.006335330235550218,-0.009764976589241359,-0.005714285714285672,-0.023363987214129578,,,,,
nee-financials,EPS (Basic),3.38,3.39,3.09,3.68,3.61,3.79,4.05,3.37,2.1,1.94,1.31,0.74,1.82,1.21,1.61,2.13,1.49,1.985,1.81,1.805,1.95,1.67,1.745,1.515,3.51,4.448,4.368,4.375,2.87,2.235,2.192,2.062,1.567,1.328,1.405,1.515,1.528,1.762,1.657,1.537,1.417,1.1,1.132,1.212,1.125,1.192,1.028,1.03,1.147,1.295,1.292,1.275,1.155,0.91,1.103,1.01,1.192,1.245,1.137,1.113,0.998,1.04,1.192,1.092,1.025,0.907,0.76,0.885,0.825,0.853,0.85,0.745,0.812,0.788,0.675,0.657,0.593,0.57,0.573,0.62,0.625,0.602,0.612,0.601,0.627,0.618,0.491,0.505,0.343,0.335,0.476,0.456,0.579,0.54,0.524,0.511,0.517,0.559,0.54,0.446,0.509,0.489,0.484,0.555,0.481,0.446,0.429,0.42,0.446,0.443,0.432,0.421,0.416,,,,0.395,0.364,
nee-financials,EPS (Diluted),3.37,3.37,3.07,3.66,3.6,3.79,4.05,3.37,2.1,1.94,1.31,0.74,1.81,1.19,1.58,2.1,1.48,1.975,1.808,1.797,1.94,1.665,1.738,1.5,3.47,4.398,4.32,4.338,2.848,2.223,2.18,2.05,1.56,1.32,1.397,1.505,1.515,1.742,1.635,1.517,1.4,1.087,1.122,1.202,1.117,1.183,1.018,1.02,1.14,1.282,1.28,1.262,1.147,0.905,1.097,1.005,1.185,1.24,1.133,1.107,0.993,1.033,1.185,1.087,1.018,0.902,0.755,0.877,0.818,0.847,0.845,0.743,0.807,0.782,0.67,0.65,0.585,0.562,0.565,0.613,0.62,0.599,0.611,0.601,0.627,0.615,0.489,0.504,0.341,0.334,0.475,0.455,0.578,0.54,0.522,0.51,0.517,0.558,0.54,0.446,0.509,0.489,0.484,0.555,0.481,0.446,0.429,0.42,0.446,,,,0.416,,,,0.395,,
nee-financials,EPS Growth,-0.06388888888888888,-0.1108179419525066,-0.24197530864197536,0.08605341246290799,0.7142857142857142,0.9536082474226806,2.091603053435114,3.5540540540540544,0.16022099447513805,0.6302521008403361,-0.1708860759493671,-0.6476190476190476,0.22297297297297303,-0.39746835443037976,-0.12610619469026552,0.1686143572621035,-0.2371134020618556,0.1861861861861862,0.04027617951668594,0.19799999999999995,-0.4409221902017292,-0.6214188267394269,-0.5976851851851852,-0.6542185338865837,0.2183988764044944,0.9784075573549258,0.9816513761467889,1.1160975609756099,0.8256410256410256,0.6840909090909089,0.560486757337151,0.3621262458471761,0.02970297029702973,-0.24225028702640639,-0.14556574923547405,-0.007910349373764003,0.08214285714285707,0.6025758969641215,0.4572192513368982,0.26206322795341097,0.25335720680393914,-0.08114961961115819,0.10216110019646374,0.17843137254901964,-0.02017543859649118,-0.07722308892355689,-0.20468750000000002,-0.19175911251980982,-0.006102877070619073,0.4165745856353591,0.16681859617137662,0.2557213930348261,-0.03206751054852319,-0.2701612903225806,-0.031774051191526986,-0.09214092140921415,0.19335347432024186,0.20038722168441447,-0.043881856540084474,0.01839926402943881,-0.024557956777996104,0.1452328159645231,0.5695364238410596,0.23945267958950955,0.24449877750611249,0.06493506493506507,-0.10650887573964496,0.1803499327052489,0.013630731102849847,0.08312020460358038,0.26119402985074625,0.1430769230769231,0.3794871794871797,0.39145907473309594,0.18584070796460206,0.06035889070146827,-0.05645161290322587,-0.06176961602671105,-0.07528641571194772,0.019966722129783676,-0.011164274322169043,-0.026016260162601612,0.24948875255623726,0.19246031746031744,0.8387096774193548,0.841317365269461,0.02947368421052632,0.10769230769230775,-0.4100346020761245,-0.38148148148148153,-0.0900383141762453,-0.10784313725490191,0.11798839458413912,-0.032258064516129004,-0.033333333333333326,0.1434977578475336,0.015717092337917515,0.14110429447852768,0.11570247933884303,-0.1963963963963965,0.058212058212058215,0.0964125560538116,0.1282051282051282,0.3214285714285716,0.07847533632286985,,,,0.07211538461538458,,,,0.053164556962025156,,,,,,
nee-financials,Free Cash Flow Per Share,2.308,2.623,2.04,1.453,0.854,-0.593,-0.883,-0.887,-0.745,-0.314,-0.032,-0.169,-0.141,0.014,0.118,-0.083,0.114,0.656,0.84,1.055,1.147,1.048,0.546,0.477,0.335,0.228,0.46,0.871,0.562,0.838,0.869,0.676,1.149,1.341,1.069,1.163,1.23,1.32,1.66,1.442,1.192,1.316,0.917,0.982,1.253,0.561,0.474,0.077,-0.338,-0.4,-0.767,-0.657,-0.311,0.137,0.559,0.607,0.54,0.531,0.542,0.728,0.943,0.959,0.535,0.375,0.551,0.445,0.869,0.908,0.896,1.078,1.191,1.125,0.292,-0.967,-0.452,-0.436,-0.121,0.757,0.086,0.27,0.773,1.007,0.959,0.677,0.584,0.197,0.412,0.728,0.767,0.894,0.927,0.649,0.489,0.194,-0.182,-0.289,-0.302,0.095,0.203,0.426,0.657,0.814,0.952,1.065,0.911,0.73,0.749,0.71,0.787,1.005,0.958,0.879,0.853,,,,0.606,0.524,
nee-financials,Dividend Per Share,2.065,2.018,1.97,1.918,1.87,1.828,1.785,1.743,1.7,1.66,1.62,1.58,1.54,1.505,1.47,1.435,1.4,1.362,1.325,1.288,1.25,1.215,1.18,1.145,1.11,1.078,1.046,1.015,0.983,0.955,0.926,0.898,0.87,0.845,0.82,0.795,0.77,0.759,0.748,0.736,0.725,0.709,0.693,0.676,0.66,0.645,0.63,0.615,0.6,0.587,0.575,0.562,0.55,0.538,0.525,0.512,0.5,0.493,0.486,0.479,0.472,0.466,0.459,0.452,0.445,0.436,0.427,0.419,0.41,0.401,0.392,0.384,0.375,0.37,0.365,0.36,0.355,0.351,0.348,0.336,0.325,0.315,0.305,0.302,0.3,0.297,0.295,0.292,0.29,0.287,0.285,0.283,0.28,0.278,0.275,0.273,0.27,0.268,0.265,0.263,0.26,0.258,0.255,0.253,0.25,0.247,0.245,0.242,0.24,0.237,0.235,0.232,0.23,0.228,0.225,0.223,0.22,0.235,
nee-financials,Dividend Growth,0.10427807486631013,0.10393873085339145,0.10364145658263313,0.10040160642570273,0.10000000000000009,0.10120481927710845,0.10185185185185164,0.10316455696202542,0.10389610389610393,0.10299003322259148,0.10204081632653073,0.10104529616724744,0.10000000000000009,0.1049926578560938,0.10943396226415092,0.11413043478260865,0.11999999999999988,0.12098765432098757,0.1228813559322035,0.12489082969432319,0.12612612612612595,0.12708719851577,0.12810707456978965,0.1280788177339902,0.12919633774160744,0.12879581151832475,0.12958963282937375,0.13028953229398654,0.12988505747126444,0.1301775147928994,0.12926829268292694,0.12955974842767293,0.1298701298701299,0.1133069828722002,0.09625668449197855,0.08016304347826098,0.0620689655172415,0.07052186177715103,0.07936507936507953,0.08875739644970415,0.0984848484848484,0.09922480620155039,0.09999999999999987,0.09918699186991886,0.10000000000000009,0.0988074957410563,0.09565217391304359,0.09430604982206403,0.09090909090909083,0.09107806691449793,0.09523809523809512,0.09765625,0.10000000000000009,0.09127789046653145,0.08024691358024705,0.06889352818371619,0.05932203389830515,0.05793991416309008,0.05882352941176472,0.05973451327433632,0.06067415730337067,0.06880733944954143,0.0749414519906324,0.07875894988066823,0.08536585365853666,0.08728179551122195,0.08928571428571419,0.09114583333333326,0.09333333333333327,0.08378378378378382,0.07397260273972606,0.06666666666666665,0.05633802816901423,0.054131054131054235,0.04885057471264376,0.0714285714285714,0.0923076923076922,0.1142857142857141,0.14098360655737707,0.11258278145695377,0.08333333333333348,0.06060606060606055,0.033898305084745894,0.03424657534246589,0.034482758620689724,0.03484320557491283,0.03508771929824572,0.03180212014134276,0.03571428571428559,0.03237410071942426,0.036363636363636154,0.0366300366300365,0.03703703703703698,0.03731343283582089,0.037735849056603765,0.03802281368821303,0.03846153846153855,0.03875968992248069,0.03921568627450989,0.03952569169960474,0.040000000000000036,0.044534412955465674,0.04081632653061229,0.045454545454545414,0.04166666666666674,0.04219409282700415,0.042553191489361764,0.04310344827586188,0.04347826086956519,0.03947368421052633,0.04444444444444429,0.04035874439461895,0.045454545454545414,-0.029787234042553123,,,,,
nee-financials,Gross Margin,0.60061406698178,0.6210706801295485,0.6132688588007736,0.6302248433468485,0.6393967418368073,0.6190649976278239,0.5975211518480036,0.5591154870470503,0.48382324871158616,0.47575360419397117,0.4548001601006347,0.44939321135957616,0.5015525221161169,0.49378730661469117,0.5217133012534901,0.5489772063120982,0.5847641273545591,0.5910940076965365,0.6029930969067819,0.6012257508990528,0.583263903353468,0.5947282580102068,0.5805837207999552,0.571824834749764,0.5778083338315299,0.5601568243077677,0.5656855707106964,0.5673330597408689,0.561579223199208,0.5532760154165431,0.5498161546672993,0.5372043010752688,0.5339571198413682,0.5357618298438823,0.5254572713643179,0.5221886617100372,0.5084067253803043,0.5610066371681416,0.5300899887514061,0.5012893243940175,0.4858703953939251,0.3747419778570088,0.3710815794493546,0.3703560620694096,0.37684989429175475,0.37309320610174046,0.3468946266573622,0.34065235809093475,0.3362794612794613,0.339956598399566,0.34092247301275763,0.3364785929777264,0.31803663385698455,0.2997313633310947,0.31002039607868936,0.2994807471845708,0.3286544362473069,0.33093386464425734,0.31125741477087543,0.30332240858556647,0.2786549894521511,0.2774512256128064,0.2862297409203833,0.26804556354916065,0.2600243753808653,0.24394033561218148,0.2271239691059039,0.24254256817308922,0.23704383148791194,0.2369425075647941,0.23477579792441747,0.2257746200907835,0.22998090388287715,0.23552553930889777,0.23568736220752437,0.24366966828292158,0.24734087455681242,0.2513530298997427,0.25190697674418605,0.25987956341738805,0.2626877019578027,0.25771604938271603,0.2655511811023622,0.26781376518218625,0.27372793354101765,0.28065365211669224,0.2827736890524379,0.28497348261638183,0.29169215710265506,0.3023782559456399,0.3024492825333993,0.29931051465156366,0.2947547766824875,0.28539245909414274,0.29460839247914333,0.3124087591240876,0.3312092891532144,0.34158636026686434,0.3467175572519084,0.3407761010163228,0.342497670083877,0.35404580152671755,0.36743277752741477,0.37951002227171493,0.3807236150728119,0.3591394472361809,0.3492292870905588,0.34182590233545646,0.3593970796043335,0.34740021825281414,0.3502784178880066,0.34828069133857575,0.35298989564353156,,,,0.3782188841201717,0.34527304777969625,
nee-financials,Operating Margin,0.30214519452187616,0.3505048580682035,0.3164023210831721,0.3430888315517877,0.36412463541296153,0.351191562351739,0.35805996734451534,0.3146638689371318,0.19474136285550678,0.1708841617098498,0.10903996797987306,0.09049467134848765,0.17066026129240142,0.1521500791813863,0.18576605477336186,0.2222676797194623,0.2842696004889704,0.2777350192413414,0.2970437898508721,0.3139340525755964,0.2787440116642366,0.2936812753196191,0.2776875245084309,0.25708215297450426,0.2558737370718001,0.20564812545944622,0.22373773630055038,0.22682769537433312,0.30122867291678795,0.29184702045656685,0.2873917684734907,0.2756374807987711,0.2763043747676292,0.26013554399128647,0.2701649175412294,0.275092936802974,0.2648976323916276,0.2924225663716814,0.2794713160854893,0.2735659847573205,0.25756418541801307,0.21842747232126103,0.22343740064856615,0.22818878372287682,0.2141252642706131,0.22384248370405216,0.20153524075366364,0.20523863315447613,0.2297979797979798,0.24142140241421403,0.24396467124631993,0.23339110340843444,0.21256762922886382,0.18132975151108127,0.19172313968024213,0.18315462944230898,0.21068094274335705,0.21402403753454594,0.1990743758555505,0.18957650536597906,0.1658249696349805,0.17439969984992496,0.19259434520288654,0.1776978417266187,0.172151127361365,0.15494095711622125,0.13594711349653096,0.15542184099347076,0.14957740942147676,0.14333640310485463,0.14039553553945566,0.1264390500624959,0.1334818586887333,0.14149891810373091,0.13121399615959037,0.13314861848687756,0.12578085429680905,0.1224381155177003,0.1250232558139535,0.13718479488144525,0.14113286447443452,0.14255401234567902,0.14960629921259844,0.15172064777327934,0.15898234683281412,0.16637420486948892,0.14569917203311866,0.14885091337654685,0.14988376361189282,0.15427205234679753,0.17986145472538348,0.17544939670032011,0.17147377388341245,0.15520512212473322,0.15900884074212426,0.1650962176509622,0.17558765222316625,0.17805782060785766,0.17709923664122137,0.14598090545118572,0.14290152221186703,0.1529770992366412,0.15923088478293526,0.1844097995545657,0.1879597658009308,0.1925251256281407,0.18657675016056519,0.19042952800914584,0.19280891819751925,0.1895495975094395,0.1914861892510542,0.19147140739347382,0.1939705151565347,,,,0.2140557939914163,0.2117857678308741,
nee-financials,Profit Margin,0.28061245101603843,0.2648885502000381,0.2444487427466151,0.2761518614080354,0.26001280500818097,0.2781650304733404,0.30054178417693334,0.26971188766039866,0.1978908188585608,0.1930134086097389,0.14752129910229286,0.08969383354894352,0.20932684984474778,0.14398830551833353,0.1868947899958415,0.24342489772063122,0.16219369894982497,0.21440351841671249,0.18706855667386837,0.1777338803626602,0.19626119558425328,0.169148208554743,0.1871603831718111,0.1704438149197356,0.3968434267950021,0.512987012987013,0.49150514477147644,0.48238259951925894,0.3132824783089734,0.24802846131040618,0.24249792432688885,0.23569892473118279,0.1800718800347007,0.14843277260075033,0.15466266866566716,0.16002555762081785,0.15738304929658012,0.1730641592920354,0.16366704161979753,0.15391668099249325,0.14482110334292933,0.1194095202351911,0.12379983467921409,0.1329598866782564,0.1260570824524313,0.13500436798602244,0.12044661549197488,0.12164642756283536,0.13404882154882156,0.1458022514580225,0.14013738959764474,0.13575967648757944,0.1253503682941138,0.10194761584956347,0.12046845187183368,0.112482298199474,0.12776653391656329,0.13117809627868116,0.12085261716967603,0.1161236424394319,0.10324106629163204,0.10467733866933467,0.11327339406128002,0.1051558752997602,0.09987812309567337,0.09049098819142325,0.0795261159837675,0.09032134169760594,0.08595950992596475,0.08919878963294303,0.08811435284903074,0.07769225708834945,0.0815404201145767,0.08104386597600158,0.07453239456653155,0.07811898714692526,0.07605942934323823,0.07630201401827699,0.07823255813953488,0.08421151674821227,0.08515491351454096,0.08294753086419752,0.08572834645669292,0.08633603238866397,0.09241952232606439,0.09585435402500549,0.0796918123275069,0.08296994696523276,0.05787348586810229,0.05813514533786335,0.07991093518060366,0.07572026594434868,0.09504685408299866,0.08631728717097463,0.08815838625326858,0.09197080291970802,0.09968847352024922,0.11252779836916234,0.11236641221374045,0.09377887280566677,0.10826343584964275,0.10229007633587786,0.10004506534474988,0.11358574610244988,0.09968473202221889,0.09704773869346733,0.09521515735388568,0.0948881267352605,0.0970325011775789,0.0967120137678832,0.09619289531355942,0.09573153995081554,0.09590856385621997,,,,0.09889127324749643,0.09565620851320358,
nee-financials,Free Cash Flow Margin,0.19173433523209307,0.20541055439131264,0.1621276595744681,0.10995208256542573,0.0623532759479263,-0.043830517134411155,-0.06631289891643165,-0.07114034379791784,-0.07062416491696889,-0.03110192559733844,-0.003545085482303162,-0.02039056243454691,-0.016228250043939307,0.001644536484346449,0.013723044020673677,-0.009468147282291058,0.012446518864255154,0.07058823529411765,0.08663118511882806,0.10454338246467103,0.11679858362841075,0.1063292471194823,0.058596157078034845,0.053824362606232294,0.03790279189334609,0.02646410193580005,0.05180665230916487,0.09614820894647359,0.061317183951551855,0.0933293803735547,0.09642984224884356,0.07772657450076804,0.13192464989465857,0.15036911533341402,0.11832083958020989,0.12441914498141264,0.126787144000915,0.1325774336283186,0.16642294713160855,0.14618073462838807,0.12167322718994183,0.1430537311565647,0.10122718891079036,0.10958727705878565,0.1404598308668076,0.0639069954976144,0.055826936496859735,0.00910759672408924,-0.03956228956228956,-0.04550386545503866,-0.08334968923781486,-0.06958084601065537,-0.03376572583273581,0.015312290127602417,0.06138561747483387,0.06804234945040125,0.05790951230658745,0.0560447329519892,0.0577537318297373,0.07621618147933937,0.0974876941763089,0.0971735867933967,0.05110611617177333,0.03615107913669065,0.05374771480804388,0.044251087632069606,0.09091504123576384,0.09275380873127641,0.09342855270916596,0.11287988422575977,0.12362117355264017,0.1174264850996645,0.02928071292170592,-0.1001245819946233,-0.050707631036199415,-0.05218194412375895,-0.015532669255444876,0.10309644219678822,0.012186046511627907,0.03763643206624012,0.10539821326743964,0.13956404320987653,0.13513779527559056,0.09777327935222672,0.08608515057113188,0.030708488703663085,0.0671573137074517,0.12127283441367119,0.12981769240181085,0.15804706178432112,0.15648193963384463,0.10810145284412706,0.08032128514056225,0.03106473796537823,-0.030506786203461585,-0.051758460517584606,-0.05819881053525913,0.019125277983691624,0.04213740458015267,0.08915922389898367,0.13979496738117428,0.17007633587786258,0.195733814030344,0.21766889383815888,0.18931091427713556,0.15782035175879397,0.16634553628773283,0.16054221786705863,0.17098445595854922,0.21995198690988915,0.21257655870648512,0.1986887302746619,0.1966208381646513,,,,0.15182403433476394,0.13762159855524753,
nee-financials,Effective Tax Rate,0.046533973919011665,0.04610318331503842,0.04315566323440339,0.10146318061885344,0.12097162097162097,0.1326809285389167,0.15933153414988582,0.1661676646706587,0.12381153602366364,0.11997242013330268,0.0625,-0.21943048576214405,0.08875286916602908,0.01990049751243781,0.0608955223880597,0.11269706007669365,0.014849814377320284,0.06497242867417885,0.05333333333333334,0.0381030701754386,0.10623666113350723,0.06676342525399129,0.08163826278174821,0.12138728323699421,0.19186754321889457,-0.04858502379163536,-0.018470311144167598,-0.010562515352493244,-0.13983050847457626,0.3041091332556979,0.31519008541282867,0.32082152974504247,0.32182030338389733,0.31461302039675887,0.30447680690399137,0.30058390454430056,0.3085427135678392,0.314266929651545,0.30747263207996195,0.3278278278278278,0.3229881900576765,0.30758070366340223,0.3078563810878066,0.2754385964912281,0.28938547486033517,0.2825,0.2729570345408593,0.28297960882230544,0.2658470995005763,0.27364864864864863,0.2753721244925575,0.2534415813625132,0.21574225122349103,0.152428810720268,0.16239707227813358,0.14592933947772657,0.21374045801526717,0.2230681385610963,0.2216624685138539,0.22413052812365822,0.16838311019567456,0.18500486854917234,0.2259498787388844,0.20018239854081168,0.215414073719483,0.1937984496124031,0.1509433962264151,0.21741541874653356,0.21904761904761905,0.2161849710982659,0.21875,0.21632382216323823,0.2365911799761621,0.2607655502392344,0.2546230440967283,0.2492603550295858,0.23837700760777683,0.2146118721461187,0.21106941838649157,0.22911283376399655,0.2328767123287671,0.24890829694323144,0.257459505541347,0.27156276686592656,0.29252782193958665,0.3107255520504732,0.29573170731707316,0.30089374379344586,0.3403068340306834,0.3492957746478873,0.35528942115768464,0.3573667711598746,0.3267241379310345,0.3202614379084967,0.3263558515699334,0.32587548638132297,0.3230769230769231,0.31867145421903054,0.3197781885397412,0.30952380952380953,0.31666666666666665,0.28950159066808057,0.29148936170212764,0.30454545454545456,0.295864262990456,0.3289902280130293,0.32842582106455265,0.3283236994219653,0.3297180043383948,0.3394284739548527,0.34250684095344863,0.3357789434329931,0.33676975945017185,,,,0.373015873015873,0.37201525920921846,
nee-financials,EBITDA,14982.0,17784.0,15624.0,16757.0,17519.0,16260.0,16671.0,14366.0,9821.0,9146.0,7564.0,6803.0,9115.0,7098.0,7958.0,8865.0,8965.0,10275.0,10408.0,10786.0,10682.0,10555.0,10006.0,9100.0,13623.0,11761.0,11995.0,12160.0,8635.0,10234.0,10094.0,9799.0,8503.0,8369.0,8255.0,8159.0,8022.0,8570.0,8199.0,7894.0,7453.0,6492.0,6342.0,6226.0,5969.0,5789.0,5195.0,5064.0,5159.0,5466.0,5498.0,5435.0,5054.0,4507.0,4918.0,4653.0,5256.0,5395.0,5010.0,4974.0,4556.0,4594.0,4928.0,4536.0,4344.0,4059.0,3637.0,3957.0,3777.0,3673.0,3632.0,3386.0,3527.0,3530.0,3270.0,3197.0,3018.0,2854.0,2763.0,2826.0,2810.0,2774.0,2770.0,2697.0,2697.0,2610.0,2237.0,2218.0,1936.0,1953.0,2772.0,2511.0,2467.0,3162.0,2401.0,2360.0,2350.0,2413.0,2365.0,2159.0,2282.0,2484.0,2524.0,2690.0,2549.0,2273.0,2204.0,1928.0,2274.0,1408.274,1647.821,2111.769,2100.0,,,,2091.0,1868.816,
nee-financials,EBITDA Margin,0.605259968488668,0.6776147837683368,0.6044100580270793,0.6176557316623664,0.6231414953403998,0.5934089996715448,0.6186358913462966,0.5796949398757163,0.4686485970605077,0.4610343784655711,0.4325004288409858,0.4190845807922134,0.5340090222039956,0.4323303691070776,0.4727618368680568,0.5181180596142607,0.49813857865199757,0.5648708081363386,0.5484533909469358,0.5463202147596616,0.5562382836908978,0.5553217235755248,0.5605288219147386,0.5370632672332389,0.814431757039517,0.720472923303112,0.7175759751136636,0.7129037931640968,0.5028242007802947,0.6068188556181441,0.598624125252046,0.6020890937019969,0.5268930474656092,0.5064141353019485,0.49505247376311845,0.4739196096654275,0.45876701361088873,0.47400442477876104,0.4611361079865017,0.452352300727752,0.4378708654015628,0.40607993995121033,0.40325554778406564,0.4008756680188011,0.394357822410148,0.38901955513742353,0.3625261688764829,0.3575261225642474,0.3618827160493827,0.3706767937067679,0.35969905135754004,0.34886706463829514,0.3294439736653412,0.3026863666890531,0.32357391933679847,0.3137770584665183,0.3431481360579748,0.34674464939906163,0.32657584251352584,0.31964526701368806,0.2912484817490251,0.2872686343171586,0.29149414409085533,0.2719424460431655,0.26471663619744057,0.25226848974518334,0.2380547192040843,0.25329663295352706,0.2474611806329031,0.24161294566504407,0.23706024410939233,0.222748503387935,0.224506683640993,0.2314602321159268,0.23255813953488372,0.24605556838297546,0.2547695424615904,0.2532162186141425,0.25702325581395347,0.26590139254798645,0.267059494392701,0.267554012345679,0.27263779527559057,0.2729757085020243,0.28006230529595016,0.2862469839877166,0.2572447102115915,0.2614024749558044,0.23687752355316286,0.24575311438278596,0.342899554675903,0.30916030534351147,0.3002312279420713,0.37491107422338155,0.29896650479392356,0.31320504313205044,0.3327669215519683,0.35774647887323946,0.3610687022900763,0.3324607329842932,0.3544579061820441,0.37923664122137407,0.37914976716238546,0.3994060876020787,0.3826752739828855,0.35694095477386933,0.35388567758509953,0.3148783276171811,0.3570419218087612,0.22259542554240755,0.2641921295862074,0.3448184141418446,0.3478548948153056,,,,0.3739270386266094,0.34463092737345274,
nee-financials,Depreciation & Amortization,5462.0,5556.0,5871.0,5955.0,5879.0,5443.0,4775.0,4440.0,4503.0,4296.0,4237.0,4060.0,3924.0,3904.0,3953.0,3953.0,4052.0,4077.0,4093.0,4292.0,4216.0,4339.0,4175.0,3827.0,3911.0,2600.0,2540.0,2594.0,2357.0,3434.0,3346.0,3202.0,3120.0,3011.0,2826.0,2821.0,2831.0,2774.0,2759.0,2635.0,2551.0,2499.0,2321.0,2207.0,2163.0,1920.0,1781.0,1617.0,1518.0,1452.0,1482.0,1556.0,1567.0,1694.0,1728.0,1705.0,1788.0,1818.0,1721.0,1770.0,1765.0,1694.0,1609.0,1518.0,1442.0,1446.0,1408.0,1373.0,1335.0,1211.0,1187.0,1162.0,1143.0,1167.0,1202.0,1221.0,1242.0,1210.0,1176.0,1160.0,1153.0,1149.0,1133.0,1102.0,1060.0,998.0,941.0,904.0,908.0,936.0,1454.0,1235.0,983.0,1764.0,1032.0,1032.0,1032.0,1040.0,1040.0,1040.0,1040.0,1284.0,1284.0,1284.0,1284.0,1061.0,1061.0,793.0,1061.0,202.659,460.419,960.345,960.0,,,,918.0,723.856,
nee-financials,EBIT,9520.0,12228.0,9753.0,10802.0,11640.0,10817.0,11896.0,9926.0,5318.0,4850.0,3327.0,2743.0,5191.0,3194.0,4005.0,4912.0,4913.0,6198.0,6315.0,6494.0,6466.0,6216.0,5831.0,5273.0,9712.0,9161.0,9455.0,9566.0,6278.0,6800.0,6748.0,6597.0,5383.0,5358.0,5429.0,5338.0,5191.0,5796.0,5440.0,5259.0,4902.0,3993.0,4021.0,4019.0,3806.0,3869.0,3414.0,3447.0,3641.0,4014.0,4016.0,3879.0,3487.0,2813.0,3190.0,2948.0,3468.0,3577.0,3289.0,3204.0,2791.0,2900.0,3319.0,3018.0,2902.0,2613.0,2229.0,2584.0,2442.0,2462.0,2445.0,2224.0,2384.0,2363.0,2068.0,1976.0,1776.0,1644.0,1587.0,1666.0,1657.0,1625.0,1637.0,1595.0,1637.0,1612.0,1296.0,1314.0,1028.0,1017.0,1318.0,1276.0,1484.0,1398.0,1369.0,1328.0,1318.0,1373.0,1325.0,1119.0,1242.0,1200.0,1240.0,1406.0,1265.0,1212.0,1143.0,1135.0,1213.0,1205.615,1187.402,1151.424,1140.0,,,,1173.0,1144.96,
nee-financials,EBIT Margin,0.38459984648325457,0.46591731758430177,0.3772920696324952,0.3981570217471434,0.4140285978516042,0.3947666143571403,0.4414427786848746,0.40053264466144783,0.253769803397595,0.24448029035184998,0.1902338612842358,0.16897677570381323,0.3041185775382272,0.19454257522231697,0.23792550347531635,0.28708357685563995,0.2729899427682391,0.3407366684991754,0.3327712494071771,0.32892670820037484,0.33670068735680064,0.32703740727100544,0.32664836703826117,0.31120160528800755,0.5806181622526454,0.5611982357265376,0.5656257477865518,0.5608254675499795,0.36557386595236707,0.40320189742069373,0.400189775827304,0.4053456221198157,0.3335605403395712,0.3242163863003752,0.32557721139430285,0.3100604089219331,0.2968660642799954,0.32057522123893806,0.3059617547806524,0.3013580883616985,0.28799717995417423,0.24976543441546256,0.2556749539009347,0.25877277702659196,0.251453488372093,0.25999596801290237,0.23824145150034892,0.24336345665066367,0.25540123456790126,0.27220941272209415,0.2627412495911024,0.24898902368573078,0.22729939378137018,0.18891873740765613,0.20988222909401935,0.198799649335761,0.22641509433962265,0.22989909377209333,0.2143928035982009,0.20589936379410065,0.1784184619318545,0.1813406703351676,0.19632083284041169,0.18093525179856115,0.1768433881779403,0.16239900559353634,0.1458960596936772,0.1654077582895916,0.15999475856646794,0.16195237468754112,0.15958488349324457,0.14630616406815342,0.15175047740292807,0.1549406596288768,0.14707346561410994,0.1520818902485954,0.1499240249873375,0.14586105935586904,0.1476279069767442,0.1567557395558901,0.15747956662231516,0.15673225308641975,0.16112204724409449,0.16143724696356276,0.1699896157840083,0.17679315639394605,0.14903403863845446,0.15486152032999412,0.12578000734124556,0.12797281993204984,0.16303809995051954,0.15710416153656734,0.18060119264938543,0.16575764761678918,0.17046445025526086,0.17624419376244194,0.18663268195978477,0.20355819125277982,0.20229007633587787,0.17231290421927933,0.1929170549860205,0.183206106870229,0.18627009163286765,0.20876020786933927,0.18991142471100436,0.19032663316582915,0.18352601156069365,0.1853666503348032,0.19045376040194692,0.19056262060175058,0.19037399271821506,0.18800929348089648,0.18883551432830875,,,,0.20976394849785407,0.2111436474246306,
duk-financials,Revenue,,30209.0,30049.0,29455.0,29060.0,29199.0,29047.0,29033.0,28768.0,27179.0,26288.0,25482.0,24621.0,24134.0,23904.0,23567.0,23366.0,24194.0,24413.0,24865.0,25079.0,25091.0,24779.0,24549.0,24521.0,24205.0,24059.0,23971.0,23565.0,23343.0,23437.0,23095.0,22743.0,21400.0,21307.0,21683.0,22371.0,22280.0,22192.0,22311.0,22509.0,23990.0,23812.0,23983.0,22756.0,21977.0,22482.0,20180.0,17912.0,17297.0,14539.0,14496.0,14529.0,14606.0,14588.0,14341.0,14272.0,13937.0,13387.0,13013.0,12731.0,12754.0,12866.0,13182.0,13207.0,13105.0,13285.0,13022.0,12720.0,12494.0,12085.0,12022.0,10607.0,1078.0,827.0,3198.0,6906.0,18219.0,20272.0,20314.0,19596.0,17214.0,17682.0,17518.0,18021.0,21824.0,20257.0,18722.0,15860.0,14177.0,14924.0,26887.0,17946.0,18235.0,29197.0,24543.0,15342.0,40128.0,31113.0,24878.0,21766.0,19780.0,18403.0,17725.0,17662.0,18016.8,17538.4,16638.2,16309.0,15469.4,13782.2,13228.7,12302.0,,,,9694.7,4488.913,
duk-financials,Revenue Growth,,0.03459022569266068,0.03449581712397154,0.014535184100850751,0.01015016685205783,0.07432208690533137,0.10495283018867929,0.13935326897417788,0.16843345111896357,0.12617054777492331,0.0997322623828647,0.0812576908388849,0.053710519558332726,-0.0024799537075308464,-0.020849547372301602,-0.05220189020711841,-0.06830415885800867,-0.03574987047148381,-0.014770571855199921,0.012872214754165112,0.022756005056890016,0.03660400743647996,0.029926430857475372,0.024112469233657396,0.0405686399321028,0.03692755858287278,0.02653923283696713,0.03793028794111275,0.03614298905157631,0.09079439252336452,0.0999671469470127,0.06512014020200163,0.016628671047338006,-0.03949730700179532,-0.03987923576063446,-0.028147550535610244,-0.006130880980940945,-0.07127969987494787,-0.06803292457584409,-0.06971604886794813,-0.010854280189840027,0.09159575920280294,0.05915843786140029,0.18845391476709605,0.270433229120143,0.270567150372897,0.546323681133503,0.39210816777041946,0.2328446555165531,0.18423935369026423,-0.0033589251439539725,0.010808172372916758,0.01800728699551568,0.048001722034871186,0.08971390154627623,0.10205179435948675,0.12104312308538212,0.09275521405049392,0.04049432613088766,-0.012820512820512775,-0.03604149314757321,-0.026783670354826428,-0.03153933007150922,0.012286899093841175,0.03828616352201264,0.048903473667360364,0.09929664873810506,0.08318083513558472,0.19920807014235886,10.589981447124304,13.613059250302298,2.7592245153220762,0.5359108022009846,-0.9408310006037653,-0.9592048145224941,-0.8425716254799646,-0.6475811390079609,0.05838271174625298,0.14647664291369744,0.1596072611028656,0.08739803562510406,-0.2112353372434017,-0.12711655230290764,-0.06430936865719472,0.13625472887767964,0.5393947943852719,0.35734387563655856,-0.30367835757057315,-0.1162376016939708,-0.2225390732108582,-0.4888515943418844,0.0955058468809844,0.16973015252248724,-0.5455791467304625,-0.061581975380066156,-0.013465712677868003,-0.2951392079389874,1.0287158746208291,0.6906482638700211,0.40355430183356833,0.23236326576831612,0.09786421562097591,0.04929754139488218,0.0653195658184178,0.08296032865289105,0.164673484427321,0.272539942824803,0.2577350760089805,0.3257193952202895,,,,0.2689407614469761,,,,,,
duk-financials,Cost of Revenue,,16891.0,16835.0,16662.0,16704.0,17307.0,17354.0,17404.0,17258.0,16115.0,15415.0,14772.0,14018.0,13759.0,13626.0,13468.0,13324.0,13887.0,14068.0,14458.0,14826.0,15112.0,15163.0,15200.0,15271.0,14782.0,14606.0,14449.0,14159.0,14502.0,14581.0,14387.0,14256.0,13156.0,13271.0,13666.0,14164.0,14232.0,14309.0,14422.0,14627.0,15396.0,15287.0,15603.0,14819.0,14799.0,15643.0,13968.0,12200.0,11667.0,9378.0,9471.0,9619.0,9680.0,9667.0,9478.0,9452.0,9143.0,8837.0,8604.0,8442.0,8571.0,8872.0,9042.0,9010.0,8923.0,8788.0,8664.0,8476.0,8544.0,8472.0,8659.0,7665.0,74.0,-423.0,1397.0,4448.0,13204.0,15203.0,15273.0,14627.0,12853.0,13674.0,13608.0,13939.0,17149.0,15631.0,13961.0,11388.0,10659.0,10504.0,22500.0,13073.0,13379.0,24407.0,19861.0,11086.0,36116.0,27790.0,21889.0,18979.0,16307.0,14978.0,14291.0,14268.0,14730.0,14495.8,13811.2,13498.0,12625.4,10908.3,10237.2,9354.0,,,,6889.3,2600.033,
duk-financials,Gross Profit,,13318.0,13214.0,12793.0,12356.0,11892.0,11693.0,11629.0,11510.0,11064.0,10873.0,10710.0,10603.0,10375.0,10278.0,10099.0,10042.0,10307.0,10345.0,10407.0,10253.0,9979.0,9616.0,9349.0,9250.0,9423.0,9453.0,9522.0,9406.0,8841.0,8856.0,8708.0,8487.0,8244.0,8036.0,8017.0,8207.0,8048.0,7883.0,7889.0,7882.0,8594.0,8525.0,8380.0,7937.0,7178.0,6839.0,6212.0,5712.0,5630.0,5161.0,5025.0,4910.0,4926.0,4921.0,4863.0,4820.0,4794.0,4550.0,4409.0,4289.0,4183.0,3994.0,4140.0,4197.0,4182.0,4497.0,4358.0,4244.0,3950.0,3613.0,3363.0,2942.0,1004.0,1250.0,1801.0,2458.0,5015.0,5069.0,5041.0,4969.0,4361.0,4008.0,3910.0,4082.0,4675.0,4626.0,4761.0,4472.0,3518.0,4420.0,4387.0,4873.0,4856.0,4790.0,4682.0,4256.0,4012.0,3323.0,2989.0,2787.0,3473.0,3425.0,3434.0,3394.0,3286.8,3042.6,2827.0,2811.0,2844.0,2873.9,2991.5,2948.0,,,,2805.4,1888.88,
duk-financials,"Selling, General & Admin",,0.0,0.0,0.0,0.0,0.0,0.0,0.0,0.0,0.0,0.0,0.0,0.0,0.0,0.0,0.0,0.0,0.0,0.0,0.0,0.0,0.0,0.0,0.0,0.0,0.0,0.0,0.0,0.0,0.0,0.0,0.0,0.0,0.0,0.0,0.0,0.0,0.0,0.0,0.0,0.0,0.0,0.0,0.0,0.0,0.0,0.0,0.0,0.0,0.0,0.0,0.0,0.0,0.0,0.0,0.0,0.0,0.0,0.0,0.0,0.0,0.0,0.0,0.0,0.0,0.0,0.0,0.0,0.0,0.0,0.0,0.0,0.0,0.0,0.0,0.0,0.0,0.0,0.0,0.0,0.0,0.0,0.0,0.0,0.0,0.0,0.0,0.0,0.0,0.0,0.0,0.0,0.0,0.0,0.0,0.0,0.0,0.0,0.0,0.0,0.0,0.0,0.0,0.0,0.0,0.0,0.0,0.0,0.0,0.0,0.0,0.0,0.0,,,,0.0,0.0,
duk-financials,Research & Development,,0.0,0.0,0.0,0.0,0.0,0.0,0.0,0.0,0.0,0.0,0.0,0.0,0.0,0.0,0.0,0.0,0.0,0.0,0.0,0.0,0.0,0.0,0.0,0.0,0.0,0.0,0.0,0.0,0.0,0.0,0.0,0.0,0.0,0.0,0.0,0.0,0.0,0.0,0.0,0.0,0.0,0.0,0.0,0.0,0.0,0.0,0.0,0.0,0.0,0.0,0.0,0.0,0.0,0.0,0.0,0.0,0.0,0.0,0.0,0.0,0.0,0.0,0.0,0.0,0.0,0.0,0.0,0.0,0.0,0.0,0.0,0.0,0.0,0.0,0.0,0.0,0.0,0.0,0.0,0.0,0.0,0.0,0.0,0.0,0.0,0.0,0.0,0.0,0.0,0.0,0.0,0.0,0.0,0.0,0.0,0.0,0.0,0.0,0.0,0.0,0.0,0.0,0.0,0.0,0.0,0.0,0.0,0.0,0.0,0.0,0.0,0.0,,,,0.0,0.0,
duk-financials,Operating Expenses,,5649.0,5578.0,5434.0,5286.0,5483.0,5339.0,5257.0,5498.0,5052.0,5230.0,5346.0,5103.0,5977.0,5753.0,5566.0,5471.0,4703.0,4646.0,4583.0,4544.0,4461.0,4304.0,4188.0,4163.0,3995.0,3860.0,3718.0,3499.0,3456.0,3375.0,3329.0,3267.0,3094.0,3051.0,3046.0,3023.0,2975.0,2989.0,2968.0,2959.0,3041.0,2930.0,2851.0,2684.0,2544.0,2523.0,2317.0,2135.0,2060.0,1868.0,1830.0,1798.0,1676.0,1705.0,2349.0,2359.0,2419.0,2763.0,2080.0,2040.0,2029.0,1708.0,1699.0,1686.0,1687.0,1649.0,1702.0,1751.0,1758.0,1480.0,1493.0,1322.0,1213.0,860.0,873.0,1193.0,1452.0,2134.0,2104.0,2230.0,3407.0,3688.0,3691.0,3347.0,2386.0,2009.0,1908.0,1838.0,1148.0,1094.0,1084.0,1056.0,1106.0,1031.0,1009.0,953.0,1128.0,1074.0,1003.0,968.0,929.0,921.0,912.0,909.0,902.1,877.6,859.0,841.0,824.7,807.8,798.2,789.0,,,,737.1,459.781,
duk-financials,Other Operating Expenses,,5649.0,5578.0,5434.0,5286.0,5483.0,5339.0,5257.0,5498.0,5052.0,5230.0,5346.0,5103.0,5977.0,5753.0,5566.0,5471.0,4703.0,4646.0,4583.0,4544.0,4461.0,4304.0,4188.0,4163.0,3995.0,3860.0,3718.0,3499.0,3456.0,3375.0,3329.0,3267.0,3094.0,3051.0,3046.0,3023.0,2975.0,2989.0,2968.0,2959.0,3041.0,2930.0,2851.0,2684.0,2544.0,2523.0,2317.0,2135.0,2060.0,1868.0,1830.0,1798.0,1676.0,1705.0,2349.0,2359.0,2419.0,2763.0,2080.0,2040.0,2029.0,1708.0,1699.0,1686.0,1687.0,1649.0,1702.0,1751.0,1758.0,1480.0,1493.0,1322.0,1213.0,860.0,873.0,1193.0,1452.0,2134.0,2104.0,2230.0,3407.0,3688.0,3691.0,3347.0,2386.0,2009.0,1908.0,1838.0,1148.0,1094.0,1084.0,1056.0,1106.0,1031.0,1009.0,953.0,1128.0,1074.0,1003.0,968.0,929.0,921.0,912.0,909.0,902.1,877.6,859.0,841.0,824.7,807.8,798.2,789.0,0.0,0.0,0.0,737.1,459.781,
duk-financials,Operating Income,,7669.0,7636.0,7359.0,7070.0,6409.0,6354.0,6372.0,6012.0,6012.0,5643.0,5364.0,5500.0,4398.0,4525.0,4533.0,4571.0,5604.0,5699.0,5824.0,5709.0,5518.0,5312.0,5161.0,5087.0,5428.0,5593.0,5804.0,5907.0,5385.0,5481.0,5379.0,5220.0,5150.0,4985.0,4971.0,5184.0,5073.0,4894.0,4921.0,4923.0,5553.0,5595.0,5529.0,5253.0,4634.0,4316.0,3895.0,3577.0,3570.0,3293.0,3195.0,3112.0,3250.0,3216.0,2514.0,2461.0,2375.0,1787.0,2329.0,2249.0,2154.0,2286.0,2441.0,2511.0,2495.0,2848.0,2656.0,2493.0,2192.0,2133.0,1870.0,1620.0,-209.0,390.0,928.0,1265.0,3563.0,2935.0,2937.0,2739.0,954.0,320.0,219.0,735.0,2289.0,2617.0,2853.0,2634.0,2370.0,3326.0,3303.0,3817.0,3750.0,3759.0,3673.0,3303.0,2884.0,2249.0,1986.0,1819.0,2544.0,2504.0,2522.0,2485.0,2384.7,2165.0,1968.0,1970.0,2019.3,2066.1,2193.3,2159.0,,,,2068.3,1429.099,
duk-financials,Interest Expense / Income,,3306.0,3208.0,3111.0,3014.0,2900.0,2729.0,2590.0,2439.0,2279.0,2257.0,2241.0,2207.0,2158.0,2099.0,2081.0,2097.0,2174.0,2224.0,2212.0,2204.0,2201.0,2146.0,2122.0,2094.0,2061.0,2042.0,2010.0,1986.0,1960.0,1926.0,1918.0,1916.0,1750.0,1688.0,1613.0,1527.0,1525.0,1528.0,1528.0,1529.0,1630.0,1603.0,1581.0,1543.0,1513.0,1536.0,1387.0,1244.0,1081.0,893.0,864.0,859.0,851.0,840.0,849.0,840.0,815.0,803.0,777.0,751.0,749.0,735.0,743.0,741.0,738.0,739.0,704.0,685.0,661.0,666.0,692.0,632.0,38.0,84.0,194.0,381.0,1111.0,1212.0,1253.0,1282.0,1324.0,1370.0,1359.0,1330.0,1337.0,1276.0,1225.0,1097.0,940.0,817.0,745.0,760.0,847.0,913.0,939.0,911.0,866.0,762.0,654.0,601.0,534.0,520.0,522.0,514.0,507.2,488.8,478.4,472.0,471.7,477.0,489.2,499.0,,,,508.2,270.217,
duk-financials,Other Expense / Income,,-564.0,-349.0,612.0,777.0,1990.0,1820.0,855.0,723.0,-554.0,-816.0,-859.0,-883.0,-974.0,-702.0,1243.0,1266.0,1295.0,1219.0,-735.0,-762.0,-644.0,-515.0,-269.0,-121.0,-148.0,-32.0,-202.0,-334.0,125.0,-118.0,39.0,-4.0,-614.0,-378.0,-432.0,-415.0,-150.0,-714.0,-701.0,286.0,72.0,448.0,791.0,-160.0,-267.0,-23.0,-449.0,-58.0,184.0,257.0,219.0,-205.0,-326.0,-640.0,-618.0,-589.0,-480.0,-438.0,-429.0,-335.0,-350.0,-198.0,-116.0,-208.0,-155.0,-367.0,-451.0,-404.0,-689.0,-915.0,-1165.0,-1325.0,-2078.0,-980.0,-612.0,-1315.0,-361.0,-1098.0,-1237.0,-540.0,667.0,496.0,353.0,822.0,-160.0,-82.0,103.0,-108.0,-500.0,-359.0,-244.0,10.0,-178.0,-227.0,-204.0,-404.0,-58.0,-45.0,-95.0,-742.0,-658.0,-662.0,-674.0,-58.0,-88.5,-101.0,-138.2,-115.0,-107.1,-121.8,-102.6,-112.0,,,,-122.2,-126.286,
duk-financials,Pretax Income,,4927.0,4777.0,3636.0,3279.0,1519.0,1805.0,2927.0,2850.0,4287.0,4202.0,3982.0,4176.0,3214.0,3128.0,1209.0,1208.0,2135.0,2256.0,4347.0,4267.0,3961.0,3681.0,3308.0,3114.0,3515.0,3583.0,3996.0,4255.0,3300.0,3673.0,3422.0,3308.0,4014.0,3675.0,3790.0,4072.0,3698.0,4080.0,4094.0,3108.0,3851.0,3544.0,3157.0,3870.0,3388.0,2803.0,2957.0,2391.0,2305.0,2143.0,2112.0,2458.0,2725.0,3016.0,2283.0,2210.0,2040.0,1422.0,1981.0,1833.0,1755.0,1749.0,1814.0,1978.0,1912.0,2476.0,2403.0,2212.0,2220.0,2382.0,2343.0,2313.0,1831.0,1286.0,1346.0,2199.0,2813.0,2821.0,2921.0,1997.0,-1037.0,-1546.0,-1493.0,-1417.0,1112.0,1423.0,1525.0,1645.0,1930.0,2868.0,2802.0,3047.0,3081.0,3073.0,2938.0,2796.0,2076.0,1532.0,1427.0,1960.0,2668.0,2646.0,2674.0,2029.0,1966.0,1777.2,1627.8,1613.0,1654.7,1710.9,1806.7,1772.0,,,,1682.3,1285.168,
duk-financials,Income Tax,,603.0,482.0,461.0,438.0,319.0,435.0,430.0,300.0,355.0,287.0,209.0,268.0,115.0,130.0,-222.0,-169.0,21.0,104.0,561.0,519.0,423.0,403.0,362.0,448.0,610.0,806.0,1033.0,1196.0,1171.0,1322.0,1248.0,1156.0,1158.0,1063.0,1144.0,1256.0,1262.0,1302.0,1250.0,1225.0,1377.0,1340.0,1223.0,1205.0,976.0,801.0,850.0,623.0,684.0,644.0,622.0,752.0,880.0,973.0,897.0,890.0,801.0,744.0,805.0,758.0,695.0,583.0,573.0,616.0,638.0,810.0,795.0,712.0,576.0,582.0,481.0,450.0,-251.0,-74.0,32.0,375.0,1237.0,897.0,874.0,507.0,-148.0,-317.0,-256.0,-94.0,466.0,596.0,648.0,611.0,619.0,991.0,980.0,1149.0,1124.0,1142.0,1097.0,1020.0,773.0,558.0,494.0,453.0,748.0,739.0,775.0,777.0,753.8,683.5,645.5,639.0,672.3,686.8,714.1,698.0,,,,664.2,646.292,
duk-financials,Net Income,,4324.0,4295.0,3175.0,2841.0,1200.0,1370.0,2497.0,2550.0,3932.0,3915.0,3773.0,3908.0,3099.0,2998.0,1431.0,1377.0,2114.0,2152.0,3786.0,3748.0,3538.0,3278.0,2946.0,2666.0,2905.0,2777.0,2963.0,3059.0,2129.0,2351.0,2174.0,2152.0,2856.0,2612.0,2646.0,2816.0,2436.0,2778.0,2844.0,1883.0,2474.0,2204.0,1934.0,2665.0,2412.0,2002.0,2107.0,1768.0,1621.0,1499.0,1490.0,1706.0,1845.0,2043.0,1386.0,1320.0,1239.0,678.0,1176.0,1075.0,1060.0,1166.0,1241.0,1362.0,1274.0,1666.0,1608.0,1500.0,1644.0,1800.0,1862.0,1863.0,2082.0,1360.0,1314.0,1824.0,1576.0,1924.0,2047.0,1490.0,-889.0,-1229.0,-1237.0,-1323.0,646.0,827.0,877.0,1034.0,1311.0,1877.0,1822.0,1898.0,1957.0,1931.0,1841.0,1776.0,1303.0,974.0,933.0,1507.0,1920.0,1907.0,1899.0,1252.0,1212.2,1093.7,982.3,974.0,982.4,1024.1,1092.6,1074.0,,,,1018.1,638.876,
duk-financials,Preferred Dividends,,122.0,106.0,106.0,106.0,106.0,106.0,106.0,106.0,106.0,106.0,106.0,106.0,106.0,106.0,107.0,107.0,107.0,83.0,80.0,41.0,27.0,12.0,0.0,0.0,0.0,0.0,0.0,0.0,0.0,0.0,0.0,0.0,0.0,0.0,0.0,0.0,0.0,0.0,0.0,0.0,0.0,0.0,0.0,0.0,0.0,0.0,0.0,0.0,0.0,0.0,0.0,0.0,0.0,0.0,0.0,0.0,0.0,0.0,0.0,0.0,0.0,0.0,0.0,0.0,0.0,0.0,0.0,0.0,0.0,0.0,0.0,0.0,5.0,8.0,10.0,12.0,9.0,8.0,9.0,9.0,9.0,10.0,14.0,15.0,16.0,16.0,13.0,13.0,12.0,13.0,13.0,14.0,17.0,17.0,18.0,19.0,19.0,20.0,20.0,20.0,20.0,19.0,20.0,21.0,54.8,61.9,66.9,72.0,44.0,43.9,43.9,44.0,,,,48.9,49.724,
duk-financials,Net Income Common,,4202.0,4189.0,3069.0,2735.0,1094.0,1264.0,2391.0,2444.0,3826.0,3809.0,3667.0,3802.0,2993.0,2892.0,1324.0,1270.0,2007.0,2069.0,3706.0,3707.0,3511.0,3266.0,2946.0,2666.0,2905.0,2777.0,2963.0,3059.0,2129.0,2351.0,2174.0,2152.0,2856.0,2612.0,2646.0,2816.0,2436.0,2778.0,2844.0,1883.0,2474.0,2204.0,1934.0,2665.0,2412.0,2002.0,2107.0,1768.0,1621.0,1499.0,1490.0,1706.0,1845.0,2043.0,1386.0,1320.0,1239.0,678.0,1176.0,1075.0,1060.0,1166.0,1241.0,1362.0,1274.0,1666.0,1608.0,1500.0,1644.0,1800.0,1862.0,1863.0,2077.0,1352.0,1304.0,1812.0,1567.0,1916.0,2038.0,1481.0,-898.0,-1239.0,-1251.0,-1338.0,630.0,811.0,864.0,1021.0,1299.0,1864.0,1809.0,1884.0,1940.0,1914.0,1823.0,1757.0,1284.0,954.0,913.0,1487.0,1900.0,1888.0,1879.0,1231.0,1157.4,1031.8,915.4,902.0,938.4,980.2,1048.7,1030.0,,,,969.2,589.152,
duk-financials,Net Income Growth,,2.8409506398537476,2.3140822784810124,0.28356336260978665,0.1190671031096564,-0.7140616832200732,-0.6681543712260436,-0.34796836651213525,-0.35718043135192,0.2783160708319412,0.31708160442600275,1.7696374622356497,1.9937007874015746,0.49128051818634777,0.3977767037216047,-0.6427415002698327,-0.6574049096304289,-0.42836798632868134,-0.36650336803429273,0.2579769178547182,0.3904726181545386,0.2086058519793459,0.17608930500540154,-0.005737428282146517,-0.12847335730630927,0.36449037106622817,0.18119948957890264,0.3629254829806807,0.42146840148698894,-0.2545518207282913,-0.09992343032159268,-0.17838246409674985,-0.23579545454545459,0.17241379310344818,-0.05975521958243335,-0.069620253164557,0.49548592671269254,-0.015359741309620034,0.2604355716878404,0.47052740434332985,-0.29343339587242023,0.025704809286898778,0.10089910089910092,-0.08210726150925485,0.5073529411764706,0.4879703886489821,0.3355570380253503,0.4140939597315436,0.036342321219226204,-0.1214092140921409,-0.26627508565834557,0.07503607503607501,0.2924242424242425,0.4891041162227603,2.0132743362831858,0.1785714285714286,0.22790697674418614,0.1688679245283018,-0.41852487135506,-0.05237711522965349,-0.21071953010279,-0.16797488226059654,-0.30012004801920766,-0.2282338308457711,-0.09199999999999997,-0.22506082725060828,-0.07444444444444442,-0.13641245972073035,-0.19484702093397743,-0.20847376023110253,0.33136094674556205,0.42791411042944794,0.0281456953642385,0.3254626675175494,-0.29436325678496866,-0.3601570166830226,0.2234976367319379,,,,,,,,,-0.5150115473441108,-0.5649141630901288,-0.5223880597014925,-0.45806794055201694,-0.33041237113402067,-0.02612330198537094,-0.0076796489303345705,0.07228229937393293,0.5109034267912773,1.0062893081761008,0.9967141292442496,0.18157363819771355,-0.3242105263157895,-0.49470338983050843,-0.5141032464076636,0.2079610073111291,0.6416105063072404,0.8298119790657104,1.0526545772339961,0.3647450110864745,0.23337595907928388,0.05264231789430718,-0.12710975493468102,-0.12427184466019414,,,,0.0627321502269913,,,,,,
duk-financials,Shares Outstanding (Basic),,772.0,772.0,771.0,771.0,771.0,771.0,770.0,770.0,770.0,770.0,770.0,769.0,769.0,769.0,769.0,737.0,735.0,735.0,734.0,729.0,729.0,728.0,727.0,708.0,713.0,703.0,701.0,700.0,700.0,700.0,700.0,691.0,689.0,689.0,689.0,694.0,688.0,692.0,708.0,707.0,707.0,707.0,706.0,706.0,706.0,706.0,705.0,574.0,699.0,446.0,446.0,444.0,444.0,444.0,443.333,439.0,440.0,438.0,436.667,431.0,433.0,429.333,427.333,421.667,421.667,421.333,422.0,420.0,420.0,420.0,419.0,390.0,418.0,412.667,309.333,311.333,308.667,309.0,318.0,310.333,312.667,308.667,304.0,301.0,301.667,300.667,299.0,278.667,278.0,277.0,262.667,255.667,258.333,257.667,248.333,245.333,245.333,245.0,244.333,243.0,243.333,242.667,242.0,240.667,240.667,240.667,240.0,240.0,239.933,239.867,239.733,240.667,240.4,241.6,136.572667,240.8,136.572667,
duk-financials,Shares Outstanding (Diluted),,773.0,772.0,771.0,771.0,771.0,771.0,770.0,770.0,770.0,770.0,770.0,769.0,769.0,769.0,769.0,738.0,735.0,735.0,736.0,729.0,729.0,728.0,727.0,708.0,714.0,704.0,701.0,700.0,700.0,700.0,700.0,691.0,691.0,690.0,689.0,694.0,688.0,692.0,708.0,707.0,707.0,707.0,706.0,706.0,706.0,706.0,705.0,575.0,699.0,446.0,446.0,444.0,444.0,444.0,443.667,440.0,440.667,438.0,437.0,431.333,433.333,429.667,427.667,422.333,422.333,422.0,422.667,421.667,421.667,422.333,422.667,396.0,421.0,419.667,321.0,323.333,321.333,321.333,330.0,322.0,324.333,320.333,315.667,301.333,302.333,301.0,299.0,278.667,278.0,277.0,262.667,255.667,258.333,257.667,248.333,245.333,245.333,245.0,244.333,243.0,243.333,242.667,242.0,240.667,240.667,240.667,240.0,240.0,,,,240.667,,,,240.8,,
duk-financials,Shares Change,,0.0025940337224383825,0.0012970168612191912,0.0012987012987013546,0.0012987012987013546,0.0012987012987013546,0.0012987012987013546,0.0,0.0013003901170351995,0.0013003901170351995,0.0013003901170351995,0.0013003901170351995,0.042005420054200604,0.04625850340136051,0.04625850340136051,0.044836956521739024,0.012345679012345734,0.008230452674897082,0.009615384615384581,0.012379642365887289,0.029661016949152463,0.021008403361344463,0.03409090909090917,0.03708987161198296,0.011428571428571344,0.020000000000000018,0.005714285714285783,0.0014285714285713347,0.013024602026049159,0.013024602026049159,0.01449275362318847,0.0159651669085632,-0.004322766570605152,0.0043604651162789665,-0.0028901734104046506,-0.026836158192090398,-0.018387553041018356,-0.026874115983026914,-0.021216407355021172,0.0028328611898016387,0.0014164305949009304,0.0014164305949009304,0.0014164305949009304,0.0014184397163119478,0.22782608695652184,0.010014306151645114,0.5829596412556053,0.5807174887892377,0.29504504504504503,0.5743243243243243,0.0045045045045044585,0.005258448340760058,0.009090909090909038,0.007563534369489977,0.013698630136986356,0.015256292906178581,0.020093524028998555,0.016924628403560238,0.01939408891071448,0.021823053918118562,0.02131019835059056,0.026045797984055152,0.018168246445497527,0.01182964366747341,0.0015794453917428175,0.0015794453917428175,-0.0007884773389718047,0.0,0.06481565656565658,0.0015843230403800312,0.006352655796143081,0.31671962616822436,0.22474353066343378,0.3101673341984794,0.30601898964625485,-0.027272727272727226,0.004139751552795001,-0.009249752569118752,0.0031217514274208824,0.04540544307767358,0.068585252859793,0.0727674451680762,0.06422923588039864,0.05574247491638795,0.08133722328083337,0.08752877697841721,0.08664259927797824,0.13832342852356794,0.08996076928191754,0.07613042081344612,0.07503095080083977,0.05772088284682253,0.04212233984013558,0.052989202430981486,0.051702040816326456,0.016371100096998825,0.009600823045267548,0.008219189341355237,0.009613997782970118,0.009640495867768495,0.009693892390730818,0.01107754698400698,0.008310237797454656,0.008333333333333304,0.002779166666666777,0.003059187356470261,0.003335181579792179,0.0011137390346760423,-0.0027714643054510546,-0.0019425956738768901,-0.007173013245033166,0.7553512373013849,-0.0005523255813953964,0.7602350842280907,,,,,
duk-financials,EPS (Basic),,5.44,5.43,3.98,3.54,1.42,1.64,3.1,3.17,4.97,4.95,4.77,4.94,3.87,3.82,1.73,1.72,2.73,2.81,5.06,5.06,4.82,4.51,4.1,3.76,4.1,3.95,4.22,4.36,3.02,3.36,3.12,3.11,4.14,3.79,3.83,4.05,3.49,3.94,4.02,2.66,3.5,3.12,2.74,3.77,3.35,2.78,3.29,3.07,3.14,3.35,3.34,3.83,4.14,4.61,3.12,3.0,2.85,1.56,2.7,2.49,2.49,2.76,2.97,3.24,3.03,3.96,3.81,3.57,3.87,4.26,4.44,4.77,5.82,4.11,4.23,5.82,4.95,6.06,6.45,4.77,-3.63,-4.71,-4.71,-4.44,2.52,3.18,3.51,3.66,4.41,6.66,6.57,7.35,8.04,8.1,7.8,7.17,7.95,6.63,6.465,6.12,5.115,5.085,5.07,5.16,4.86,4.335,3.84,3.765,3.99,4.155,4.44,4.35,,,,4.02,4.32,
duk-financials,EPS (Diluted),,5.44,5.43,3.98,3.54,1.42,1.64,3.1,3.17,4.97,4.95,4.77,4.94,3.87,3.82,1.73,1.72,2.73,2.81,5.06,5.06,4.83,4.52,4.11,3.76,4.1,3.95,4.22,4.36,3.03,3.37,3.13,3.11,4.14,3.79,3.83,4.05,3.49,3.94,4.02,2.66,3.49,3.11,2.73,3.76,3.35,2.78,3.29,3.07,3.14,3.35,3.34,3.83,4.14,4.61,3.12,3.0,2.85,1.56,2.7,2.49,2.46,2.73,2.94,3.21,3.03,3.96,3.81,3.54,3.87,4.23,4.38,4.71,5.64,3.96,4.08,5.64,4.8,5.88,6.27,4.62,-3.72,-4.77,-4.74,-4.44,2.55,3.21,3.51,3.66,4.41,6.63,6.54,7.32,7.95,8.01,7.74,7.14,7.89,6.585,6.42,6.09,5.085,5.055,5.04,5.13,4.845,4.335,3.84,3.75,,,,4.32,,,,4.005,,
duk-financials,EPS Growth,,2.8309859154929584,2.3109756097560976,0.28387096774193554,0.11671924290220814,-0.7142857142857143,-0.6686868686868688,-0.3501048218029349,-0.3582995951417005,0.2842377260981912,0.2958115183246075,1.7572254335260111,1.8720930232558142,0.41758241758241765,0.35943060498220625,-0.658102766798419,-0.6600790513833992,-0.4347826086956522,-0.37831858407079644,0.23114355231143535,0.3457446808510638,0.17804878048780504,0.1443037974683543,-0.026066350710900354,-0.13761467889908263,0.3531353135313531,0.17210682492581597,0.3482428115015974,0.401929260450161,-0.2681159420289855,-0.1108179419525066,-0.18276762402088775,-0.23209876543209873,0.18624641833810873,-0.03807106598984766,-0.04726368159203964,0.5225563909774436,0.0,0.26688102893890675,0.4725274725274724,-0.29255319148936165,0.04179104477611939,0.11870503597122295,-0.17021276595744683,0.224755700325733,0.06687898089171984,-0.17014925373134338,-0.014970059880239472,-0.19843342036553535,-0.24154589371980673,-0.2733188720173536,0.07051282051282048,0.2766666666666666,0.4526315789473683,1.9551282051282053,0.15555555555555545,0.20481927710843362,0.1585365853658538,-0.4285714285714286,-0.08163265306122436,-0.22429906542056066,-0.18811881188118806,-0.31060606060606055,-0.22834645669291342,-0.09322033898305082,-0.21705426356589153,-0.06382978723404265,-0.13013698630136983,-0.24840764331210186,-0.31382978723404253,0.06818181818181834,0.07352941176470584,-0.16489361702127658,0.17500000000000004,-0.326530612244898,-0.34928229665071764,0.22077922077922074,,,,,,,,,-0.4217687074829932,-0.5158371040723981,-0.463302752293578,-0.5,-0.44528301886792454,-0.17228464419475653,-0.15503875968992253,0.025210084033613578,0.0076045627376426506,0.2164009111617311,0.20560747663551404,0.17241379310344818,0.5516224188790559,0.3026706231454006,0.2738095238095237,0.1871345029239766,0.049535603715170407,0.16608996539792376,0.3125,0.3679999999999999,,,,-0.13194444444444453,,,,0.07865168539325862,,,,,,
duk-financials,Free Cash Flow Per Share,,-1.25,-1.325,-2.331,-3.536,-5.812,-8.869,-8.243,-7.065,-5.874,-2.265,-2.668,-1.853,-0.352,-0.088,0.13,-1.426,-1.507,-3.061,-3.943,-3.996,-4.89,-4.861,-3.857,-3.112,-2.314,-1.949,-1.726,-2.04,-3.229,-2.859,-2.841,-1.502,-0.669,-0.074,-0.084,-0.095,0.791,1.156,1.54,1.7,1.601,1.339,1.814,1.212,1.055,0.171,-0.603,-0.448,-0.85,-1.614,-1.709,-1.556,-0.98,-0.703,-0.629,-0.665,-0.389,-0.345,-0.54,-1.933,-1.861,-3.48,-3.88,-2.509,-2.137,-0.449,-0.18,0.198,0.398,0.336,0.716,0.941,0.237,-1.027,0.931,1.577,3.019,5.557,5.984,6.467,8.031,6.444,3.039,3.801,3.729,5.385,2.027,-1.959,-10.597,-12.823,-6.476,-7.631,-4.15,-4.358,-8.227,-10.423,-6.416,-10.31,-9.356,-10.728,-11.223,-8.633,-7.583,-0.702,-2.571,0.216,-0.672,0.467,3.264,3.306,4.488,3.91,,,,2.53,1.132,
duk-financials,Dividend Per Share,,4.12,4.1,4.08,4.06,4.04,4.02,4.0,3.98,3.96,3.94,3.92,3.9,3.88,3.86,3.84,3.82,3.8,3.78,3.763,3.745,3.728,3.71,3.672,3.635,3.598,3.56,3.525,3.49,3.455,3.42,3.39,3.36,3.33,3.3,3.27,3.24,3.21,3.18,3.165,3.15,3.135,3.12,3.105,3.09,3.075,3.06,3.045,3.03,3.015,3.0,2.985,2.97,2.955,2.94,2.925,2.91,2.895,2.88,2.85,2.82,2.79,2.76,2.73,2.7,2.67,2.64,2.61,2.58,2.88,3.18,3.48,3.78,3.75,3.72,3.615,3.51,3.405,3.3,3.3,3.3,3.3,3.3,3.3,3.3,3.3,3.3,3.3,3.3,3.3,3.3,3.3,3.3,3.3,3.919,3.919,3.919,3.919,3.3,3.3,3.3,3.3,3.3,3.3,3.3,3.3,3.3,3.27,3.24,3.21,3.18,3.15,3.12,3.09,3.06,3.03,3.0,2.88,
duk-financials,Dividend Growth,,0.01980198019801982,0.01990049751243772,0.020000000000000018,0.02010050251256268,0.02020202020202011,0.02030456852791862,0.020408163265306145,0.02051282051282044,0.020618556701030855,0.020725388601036343,0.02083333333333326,0.020942408376963373,0.021052631578947434,0.021164021164021163,0.02046239702365127,0.020026702269692942,0.019313304721029878,0.018867924528301883,0.02478213507625271,0.030261348005502064,0.036131183991106264,0.042134831460674205,0.041702127659574595,0.04154727793696256,0.04138929088277843,0.040935672514619936,0.03982300884955747,0.038690476190476275,0.037537537537537524,0.036363636363636376,0.03669724770642202,0.03703703703703698,0.03738317757009346,0.037735849056603765,0.033175355450236976,0.028571428571428692,0.02392344497607657,0.019230769230769162,0.019323671497584627,0.01941747572815533,0.019512195121951015,0.019607843137254832,0.019704433497536922,0.01980198019801982,0.01990049751243772,0.020000000000000018,0.0201005025125629,0.02020202020202011,0.020304568527918843,0.020408163265306145,0.02051282051282044,0.020618556701030855,0.020725388601036343,0.02083333333333326,0.02631578947368407,0.03191489361702149,0.037634408602150504,0.04347826086956519,0.04395604395604402,0.04444444444444429,0.04494382022471921,0.045454545454545414,0.04597701149425282,0.04651162790697683,-0.07291666666666663,-0.16981132075471694,-0.25,-0.31746031746031744,-0.23199999999999998,-0.14516129032258063,-0.03734439834024905,0.07692307692307687,0.10132158590308382,0.12727272727272743,0.09545454545454568,0.06363636363636371,0.031818181818181746,0.0,0.0,0.0,0.0,0.0,0.0,0.0,0.0,0.0,0.0,0.0,0.0,-0.15794845623883647,-0.15794845623883647,-0.15794845623883647,-0.15794845623883647,0.18757575757575773,0.18757575757575773,0.18757575757575773,0.18757575757575773,0.0,0.0,0.0,0.0,0.0,0.00917431192660545,0.01851851851851838,0.028037383177569986,0.037735849056603765,0.03809523809523818,0.03846153846153855,0.03883495145631066,0.03921568627450989,0.03960396039603964,0.040000000000000036,0.07291666666666674,,,,,
duk-financials,Gross Margin,,0.4408619947697706,0.4397484109288163,0.4343235443897471,0.4251892635925671,0.4072742217199219,0.40255448066926014,0.4005442083146764,0.4000973303670745,0.40707899481217114,0.4136107729762629,0.4202966800094184,0.4306486332805329,0.42989143946299824,0.4299698795180723,0.4285229346119574,0.42976975092014036,0.426014714391998,0.42374964158440176,0.41854011662980095,0.4088281031939073,0.39771232712924953,0.3880705436054724,0.38083017638193,0.37722768239468213,0.38929973146044206,0.3929090984662704,0.3972299862333653,0.39915128368342884,0.3787430921475389,0.3778640610999701,0.3770513098073176,0.3731697665215671,0.3852336448598131,0.3771530482939879,0.36973666005626526,0.36685887979974074,0.36122082585278276,0.3552180966113915,0.35359239836851775,0.3501710426940335,0.3582325969153814,0.35801276667226606,0.34941416836926154,0.3487871330638074,0.32661418755972155,0.3041989146873054,0.30782953419226955,0.31889236266190263,0.32548996935884833,0.35497627072013205,0.34664735099337746,0.3379448000550623,0.33725866082431877,0.3373320537428023,0.3390976919322223,0.33772421524663676,0.34397646552342687,0.33988197505042206,0.33881503112272343,0.3368941952713848,0.32797553708640426,0.31043059225866626,0.3140646335912608,0.3177860225637919,0.3191148416634872,0.33850207000376364,0.33466441406849945,0.33364779874213835,0.3161517528413639,0.29896565990897805,0.27973714856097154,0.2773640049024229,0.9313543599257885,1.5114873035066505,0.5631644777986241,0.3559223863307269,0.27526208902793786,0.25004932912391475,0.2481539824751403,0.25357215758318025,0.2533403044033926,0.22667119104173736,0.22319899531910034,0.22651351201376171,0.21421370967741934,0.22836550328281582,0.2542997542997543,0.2819672131147541,0.24814840939549976,0.2961672473867596,0.16316435452077213,0.27153683272038337,0.26630106937208664,0.1640579511593657,0.19076722487063522,0.277408421327076,0.09998006379585327,0.10680422974319416,0.12014631401238042,0.12804373793990628,0.1755813953488372,0.18611096016953757,0.193737658674189,0.19216396784056167,0.18242973224990008,0.1734821876567988,0.16991020663292905,0.17235882028327917,0.18384682017402096,0.2085225871051066,0.22613711097840303,0.2396358315721021,,,,0.289374606743891,0.42078783883759835,
duk-financials,Operating Margin,,0.25386474229534245,0.2541182734866385,0.2498387370565269,0.2432897453544391,0.21949381828144798,0.21874892415740008,0.21947439121000242,0.2089822024471635,0.22120019132418411,0.21466068167985392,0.21050153049211207,0.22338653994557492,0.18223253501284495,0.18929886211512717,0.1923452284974753,0.19562612342720193,0.23162767628337605,0.2334411993609962,0.2342248139955761,0.22764065552852986,0.21991949304531505,0.2143750756689132,0.21023259603242495,0.20745483463154032,0.22425118777112166,0.23247017748036078,0.2421259021317425,0.2506683640992998,0.2306901426551857,0.23386098903443273,0.2329075557479974,0.2295211713494262,0.24065420560747663,0.23396067020228095,0.22925794401143754,0.23172857717580797,0.22769299820466787,0.2205299206921413,0.22056384742951907,0.2187125149940024,0.231471446436015,0.23496556358138754,0.23053829796105574,0.2308402179644929,0.21085680484142513,0.19197580286451382,0.19301288404360753,0.1996985261277356,0.20639417239983812,0.22649425682646673,0.22040562913907286,0.21419230504508224,0.22251129672737233,0.22045516863175213,0.17530158287427655,0.17243553811659193,0.17040970079644113,0.13348771195936357,0.1789748712825636,0.1766554080590684,0.1688881919397836,0.17767759987564122,0.18517675618267335,0.19012644809570683,0.19038534910339566,0.21437711704930373,0.2039625249577638,0.19599056603773585,0.17544421322234674,0.1764997931319818,0.1555481617035435,0.15272932968794192,-0.19387755102040816,0.47158403869407495,0.29018136335209505,0.18317405154937735,0.1955650694330095,0.14478097868981846,0.1445800925470119,0.13977342314758115,0.05542000697107006,0.018097500282773443,0.012501427103550634,0.04078574995838189,0.10488453079178886,0.12918990966085797,0.1523875654310437,0.166078184110971,0.1671721802920223,0.22286250335030822,0.12284747275635065,0.2126936364649504,0.2056484782012613,0.12874610405178613,0.14965570631137187,0.21529135705905358,0.07187001594896332,0.07228489698839713,0.07982956829327116,0.0835707066066342,0.12861476238624875,0.13606477204803566,0.1422849083215797,0.14069754274714075,0.1323597975223125,0.1234434155909319,0.11828202569989542,0.12079220062542155,0.13053512094845307,0.14991075445139382,0.16579860454919984,0.17549991871240447,,,,0.21334337318328572,0.31836192860053203,
duk-financials,Profit Margin,,0.139097619914595,0.13940563745881726,0.10419283653030045,0.09411562284927735,0.03746703654234734,0.0435156814817365,0.08235456205008095,0.0849555061179088,0.14077044777217704,0.1448950091296409,0.14390550192292598,0.1544210227041956,0.12401591116267506,0.1209839357429719,0.05618025204735435,0.05435247795942823,0.08295445151690502,0.08474992831688036,0.14904484214759703,0.14781291120060608,0.13993065242517239,0.1318051575931232,0.12000488818281804,0.10872313527180784,0.12001652551125801,0.11542458123779044,0.12360769262859288,0.1298111606195629,0.09120507218438076,0.10031147331143064,0.09413292920545573,0.094622521215319,0.13345794392523364,0.12258882057539776,0.12203108425955818,0.12587725179920434,0.10933572710951527,0.1251802451333814,0.127470754336426,0.08365542671820161,0.10312630262609421,0.09255837392911137,0.08064045365467205,0.11711197046932677,0.10975110342630932,0.08904901699137087,0.10441030723488602,0.09870477891916034,0.09371567323813378,0.10310200151317148,0.10278697571743929,0.11742033175029253,0.12631795152676983,0.14004661365505897,0.09664598005717871,0.09248878923766816,0.08890005022601707,0.05064614924927168,0.09037116729424421,0.08443955698688241,0.08311118080602165,0.09062645732939531,0.09414352905477166,0.10312712955251004,0.09721480351011065,0.12540459164471207,0.12348333589310398,0.1179245283018868,0.13158315991676003,0.14894497310715762,0.15488271502245882,0.1756387291411332,1.9267161410018554,1.6348246674727933,0.407754846779237,0.26238053866203304,0.08600911136725396,0.09451460142067877,0.10032489908437531,0.07557664829557052,-0.05216684094341815,-0.07007125890736342,-0.07141226167370704,-0.074246712169136,0.028867302052785922,0.04003554326899343,0.046148915714133106,0.06437578814627995,0.09162728362841221,0.1248994907531493,0.06728158589652992,0.10498161150117018,0.10638881272278586,0.06555468027537076,0.07427779815018538,0.11452222656759223,0.03199760765550239,0.03066242406711021,0.03669909156684621,0.06831755949646237,0.09605662285136501,0.1025919687007553,0.10600846262341326,0.0696976559845997,0.06424004262688157,0.058830908178625185,0.05501797069394526,0.05530688576859403,0.06066169340763055,0.07112072092989508,0.0792746074822167,0.08372622337831247,,,,0.09997214973129648,0.13124602771316798,
duk-financials,Free Cash Flow Margin,,-0.031944122612466486,-0.03404439415621152,-0.061008317772873875,-0.09380591878871301,-0.15346415973149766,-0.23541157434502702,-0.21861330210450178,-0.18909899888765294,-0.16641524706574928,-0.06634205721241632,-0.08060591790283338,-0.05787742171317168,-0.011228971575370846,-0.0028447121820615795,0.00424322145372767,-0.04497988530343234,-0.045796478465735306,-0.09216401097775775,-0.11638849788859844,-0.116152956656964,-0.14208281854051252,-0.1428225513539691,-0.11422053851480712,-0.08984136046653889,-0.06816773393926874,-0.05694334760380731,-0.05047766050644529,-0.06059834500318269,-0.09681703294349484,-0.08537782139352307,-0.08612253734574583,-0.045640416831552566,-0.021542056074766357,-0.0023935795747876284,-0.002674906608864087,-0.0029502480890438512,0.024416517055655295,0.03604902667627974,0.04885482497422796,0.053400861877471235,0.047186327636515216,0.03976986393415085,0.05341283409081433,0.03761645280365618,0.033899076307048276,0.005382083444533404,-0.021060455896927652,-0.014347923179991067,-0.03434121523963693,-0.04952197537657335,-0.05256622516556291,-0.047560052309174754,-0.029782281254279064,-0.021387441732931178,-0.019454710271250262,-0.02045964125560538,-0.012269498457343762,-0.011279599611563457,-0.01813571044340275,-0.06543083811169587,-0.06319586012231457,-0.11612000621793875,-0.1257775754817175,-0.08010903308851366,-0.06875238458603586,-0.014226571321038765,-0.0058362770695745666,0.006525157232704403,0.013366415879622218,0.011667356226727347,0.02495425054067543,0.034599792589799186,0.09183673469387756,-0.5126964933494559,0.0900562851782364,0.07109759629307848,0.05115538723310829,0.08469810576164168,0.09367923599488037,0.10241886099203919,0.14586964098989194,0.11248727519511367,0.05274574723141911,0.06348149381277399,0.05154875366568915,0.07992298958384755,0.0323683367161628,-0.03442622950819672,-0.2078013684136277,-0.23800589654248192,-0.06326477479822963,-0.10871503399086148,-0.058788044968467235,-0.038462855772853376,-0.08324165749908324,-0.16666666666666666,-0.03922448165869218,-0.08118792787580754,-0.0918884154674813,-0.11977395938619866,-0.13806875631951465,-0.11384013476063685,-0.10352609308885755,-0.009568565281395085,-0.034340171395586344,0.0029706244583314325,-0.00968854804005241,0.00686737384266356,0.050622519296158866,0.05753798377617507,0.08134011656474181,0.07649162737766217,,,,0.06283845812660525,0.03443417147982151,
duk-financials,Effective Tax Rate,,0.12238684798051552,0.10090014653548252,0.12678767876787678,0.13357731015553523,0.21000658327847269,0.2409972299168975,0.14690809702767338,0.10526315789473684,0.0828084907860975,0.06830080913850547,0.052486187845303865,0.06417624521072797,0.0357809583074051,0.04156010230179028,-0.18362282878411912,-0.13990066225165562,0.009836065573770493,0.04609929078014184,0.1290545203588682,0.12163112256854933,0.10679121433981317,0.10948111926107036,0.1094316807738815,0.1438664097623635,0.17354196301564723,0.22495115824727882,0.2585085085085085,0.2810810810810811,0.35484848484848486,0.35992376803702697,0.3646990064289889,0.34945586457073763,0.2884902840059791,0.2892517006802721,0.30184696569920844,0.30844793713163066,0.34126554894537586,0.3191176470588235,0.30532486565705913,0.39414414414414417,0.3575694624772786,0.3781038374717833,0.38739309471016786,0.31136950904392763,0.28807556080283353,0.2857652515162326,0.28745350016909027,0.26056043496445,0.2967462039045553,0.3005132991133924,0.29450757575757575,0.305939788445891,0.3229357798165138,0.32261273209549074,0.392904073587385,0.40271493212669685,0.3926470588235294,0.5232067510548524,0.40636042402826855,0.4135297326786688,0.396011396011396,0.3333333333333333,0.3158765159867696,0.3114256825075834,0.33368200836820083,0.327140549273021,0.33083645443196,0.321880650994575,0.2594594594594595,0.24433249370277077,0.2052923602219377,0.19455252918287938,-0.1370835608956854,-0.05754276827371695,0.0237741456166419,0.17053206002728513,0.4397440455030217,0.31797235023041476,0.2992125984251969,0.2538808212318478,,,,,0.41906474820143885,0.41883345045678144,0.4249180327868852,0.37142857142857144,0.3207253886010363,0.34553695955369595,0.3497501784439686,0.3770922218575648,0.36481661798117493,0.37162382037097297,0.3733832539142274,0.3648068669527897,0.37235067437379576,0.3642297650130548,0.3461807988787666,0.23112244897959183,0.280359820089955,0.2792894935752079,0.2898279730740464,0.38294726466239526,0.38341810783316377,0.3845937429664641,0.3965474874063153,0.39615623062616245,0.4062972139964948,0.40142614997954296,0.3952510101289644,0.3939051918735892,,,,0.3948166201034298,0.5028852259004271,
duk-financials,EBITDA,,14571.0,14253.0,13021.0,12377.0,10386.0,10370.0,11224.0,11132.0,12454.0,12292.0,11981.0,12046.0,10966.0,10815.0,8860.0,8791.0,9735.0,9824.0,11798.0,11647.0,11242.0,10756.0,10275.0,9904.0,10079.0,9968.0,10150.0,10287.0,9283.0,9564.0,9280.0,9104.0,9544.0,9060.0,9064.0,9212.0,8769.0,9151.0,9128.0,8144.0,8986.0,8580.0,8089.0,8642.0,8053.0,7458.0,7214.0,6287.0,5769.0,5148.0,5042.0,5343.0,5597.0,5862.0,5124.0,5044.0,4787.0,4133.0,4647.0,4430.0,4346.0,4327.0,4402.0,4553.0,4431.0,5063.0,4986.0,4785.0,4938.0,5169.0,5273.0,5160.0,3942.0,3215.0,3312.0,4464.0,5900.0,6208.0,6285.0,5316.0,2305.0,1782.0,1845.0,1900.0,4365.0,4574.0,4547.0,4434.0,4440.0,5206.0,5019.0,5257.0,6425.0,6052.0,5279.0,5055.0,3257.0,2903.0,3265.0,3712.0,4284.0,4235.0,4258.0,3598.0,3534.5,3301.8,3119.6,3068.0,3086.9,3140.3,3316.595,3236.0,,,,3144.3,2202.9,
duk-financials,EBITDA Margin,,0.4823397000893773,0.47432526872774466,0.4420641656764556,0.4259119064005506,0.35569711291482586,0.3570076083588667,0.3865945648055661,0.38695773081201335,0.4582214209499982,0.4675897748021911,0.4701750255082019,0.4892571382153446,0.4543797132675893,0.4524347389558233,0.37594942080027155,0.3762304202687666,0.4023724890468711,0.40240855282021876,0.47448220390106577,0.464412456637027,0.4480491012713722,0.43407724282658705,0.4185506537944519,0.4038986990742629,0.4164015699235695,0.41431480942682575,0.4234283092069584,0.43653723742838957,0.3976781047851604,0.40807270555105174,0.40181857544923144,0.400298993096777,0.44598130841121497,0.42521237152109637,0.41802333625420834,0.4117831120647267,0.39358168761220824,0.4123558038932949,0.4091255434539017,0.36181083122306634,0.37457273864110047,0.36032252645724844,0.3372805737397323,0.37976797328177186,0.3664285389270601,0.3317320523085135,0.3574826560951437,0.35099374720857524,0.3335260449788981,0.3540821239424995,0.34782008830022076,0.36774726409250463,0.383198685471724,0.4018371264052646,0.3572972596053274,0.35341928251121074,0.3434742053526584,0.3087323522820647,0.35710443402751096,0.3479695232110596,0.3407558413046887,0.33631276231929114,0.333940221514186,0.3447414250018929,0.33811522319725296,0.38110651110274746,0.38289049301182615,0.3761792452830189,0.39522971026092524,0.4277203144393877,0.43861254366993846,0.4864711982652965,3.6567717996289426,3.887545344619105,1.0356472795497185,0.6463944396177237,0.32383775179757396,0.30623520126282555,0.3093925371664862,0.27127985303123087,0.13390263738817243,0.1007804546996946,0.10532024203676218,0.10543255091282393,0.2000091642228739,0.22579848941106778,0.24286935156500375,0.27957124842370745,0.31318332510404173,0.34883409273653176,0.18667013798489976,0.2929343586314499,0.35234439265149436,0.20728157002431757,0.2150918795583262,0.3294876808760266,0.0811652711323764,0.0933050493362903,0.13124045341265375,0.17054121106312597,0.21658240647118301,0.2301255230125523,0.24022566995768688,0.2037141886536066,0.19617801163358642,0.18826118688135748,0.18749624358404154,0.18811699061867682,0.19954878663684436,0.22785186690078507,0.2507120881114546,0.26304665907982444,,,,0.3243318514239739,0.49074241358654086,
duk-financials,Depreciation & Amortization,,6338.0,6268.0,6274.0,6084.0,5967.0,5836.0,5707.0,5843.0,5888.0,5833.0,5758.0,5663.0,5594.0,5588.0,5570.0,5486.0,5426.0,5344.0,5239.0,5176.0,5080.0,4929.0,4845.0,4696.0,4503.0,4343.0,4144.0,4046.0,4023.0,3965.0,3940.0,3880.0,3780.0,3697.0,3661.0,3613.0,3546.0,3543.0,3506.0,3507.0,3505.0,3433.0,3351.0,3229.0,3152.0,3119.0,2870.0,2652.0,2383.0,2112.0,2066.0,2026.0,2021.0,2006.0,1992.0,1994.0,1932.0,1908.0,1889.0,1846.0,1842.0,1843.0,1845.0,1834.0,1781.0,1848.0,1879.0,1888.0,2057.0,2121.0,2238.0,2215.0,2073.0,1845.0,1772.0,1884.0,1976.0,2175.0,2111.0,2037.0,2018.0,1958.0,1979.0,1987.0,1916.0,1875.0,1797.0,1692.0,1570.0,1521.0,1472.0,1450.0,2497.0,2066.0,1402.0,1348.0,315.0,609.0,1184.0,1151.0,1082.0,1069.0,1062.0,1055.0,1061.3,1035.8,1013.4,983.0,960.5,952.4,1020.695,965.0,,,,953.8,647.515,
duk-financials,EBIT,,8233.0,7985.0,6747.0,6293.0,4419.0,4534.0,5517.0,5289.0,6566.0,6459.0,6223.0,6383.0,5372.0,5227.0,3290.0,3305.0,4309.0,4480.0,6559.0,6471.0,6162.0,5827.0,5430.0,5208.0,5576.0,5625.0,6006.0,6241.0,5260.0,5599.0,5340.0,5224.0,5764.0,5363.0,5403.0,5599.0,5223.0,5608.0,5622.0,4637.0,5481.0,5147.0,4738.0,5413.0,4901.0,4339.0,4344.0,3635.0,3386.0,3036.0,2976.0,3317.0,3576.0,3856.0,3132.0,3050.0,2855.0,2225.0,2758.0,2584.0,2504.0,2484.0,2557.0,2719.0,2650.0,3215.0,3107.0,2897.0,2881.0,3048.0,3035.0,2945.0,1869.0,1370.0,1540.0,2580.0,3924.0,4033.0,4174.0,3279.0,287.0,-176.0,-134.0,-87.0,2449.0,2699.0,2750.0,2742.0,2870.0,3685.0,3547.0,3807.0,3928.0,3986.0,3877.0,3707.0,2942.0,2294.0,2081.0,2561.0,3202.0,3166.0,3196.0,2543.0,2473.2,2266.0,2106.2,2085.0,2126.4,2187.9,2295.9,2271.0,,,,2190.5,1555.385,
duk-financials,EBIT Margin,,0.27253467509682544,0.2657326366934008,0.22906127991851977,0.21655196145905023,0.15134079934244324,0.15609185113781113,0.19002514380188062,0.18385011123470524,0.24158357555465618,0.24570146074254412,0.2442116003453418,0.2592502335404736,0.2225905361730339,0.21866633199464525,0.13960198582764036,0.14144483437473251,0.1781020087625031,0.18350878630237988,0.2637844359541524,0.25802464213086646,0.24558606671714958,0.23515880382582025,0.2211902725161921,0.21238938053097345,0.23036562693658336,0.23380024107402636,0.25055275124108295,0.2648419265860386,0.22533521826671807,0.238895763109613,0.23121887854513964,0.22969704964164797,0.2693457943925234,0.2517013188154128,0.24918138633952866,0.25027937955388674,0.23442549371633753,0.252703677000721,0.2519833266101923,0.20600648629437113,0.22847019591496456,0.21615152024189485,0.19755660259350374,0.23787133063807347,0.22300586977294445,0.19299884351925986,0.21526263627353814,0.20293657882983474,0.1957564895646644,0.2088176628378843,0.2052980132450331,0.22830201665634248,0.2448308914144872,0.26432684398135453,0.218394812077261,0.21370515695067266,0.20485039822056397,0.1662060207664152,0.21194190424959655,0.2029691304689341,0.1963305629606398,0.19306699829006685,0.19397663480503718,0.2058756719921254,0.20221289584128196,0.24200225818592397,0.23859622177852866,0.22775157232704402,0.23059068352809348,0.2522134877947869,0.25245383463649973,0.27764683699443765,1.7337662337662338,1.656590084643289,0.4815509693558474,0.3735881841876629,0.21537954882265767,0.19894435674822414,0.20547405730038398,0.16733006736068584,0.016672475891716044,-0.009953625155525394,-0.0076492750313962785,-0.004827701015481938,0.11221590909090909,0.1332378930739991,0.14688601645123384,0.17288776796973518,0.20244057275869365,0.24691771642991156,0.13192249042288096,0.21213640922768304,0.21540992596654784,0.13652087543240743,0.15796764861671353,0.24162429930908616,0.07331539074960128,0.0737312377462797,0.08364820323177104,0.11766057153358449,0.16188068756319515,0.17203716785306744,0.18031029619181946,0.14398142905673197,0.13727187957905954,0.12920220772704466,0.12658821266723563,0.12784352198172788,0.13745846639171524,0.1587482404841027,0.17355446869306887,0.18460412940985205,,,,0.22594819850021144,0.3464947972927967,
ngg-financials,Revenue,,,,19850.0,,,,21659.0,,,,18449.0,,,,14933.0,,,,14540.0,,,,14933.0,,,,,,,,15035.0,,,,13212.0,,,,13357.0,,,,14809.0,,,,14359.0,,,,13832.0,,,,14343.0,,,,14007.0,,,,15687.0,,,,11423.0,,,,8695.0,,,,8868.0,,,,7174.0,,,,,,,,,,,,,,,,,,,,,,,,,,,,,,,,,,,,,,,15035.0
ngg-financials,Revenue Growth,,,,-0.08352186158179054,,,,0.17399317036153716,,,,0.23545168418937923,,,,0.02702888583218699,,,,-0.026317551731065425,,,,-0.006784170269371503,,,,,,,,0.1379806236754466,,,,-0.010855731077337727,,,,-0.09804848402998179,,,,0.031339229751375486,,,,0.03810005783689996,,,,-0.03562713518789651,,,,0.02398800599700146,,,,-0.107095046854083,,,,0.37328197496279447,,,,0.3137435307648073,,,,-0.019508344609833084,,,,0.23613047114580432,,,,,,,,,,,,,,,,,,,,,,,,,,,,,,,,,,,,,,,,,,,0.0
ngg-financials,Cost of Revenue,,,,15208.0,,,,17549.0,,,,13911.0,,,,11882.0,,,,11526.0,,,,12063.0,,,,,,,,11827.0,,,,9987.0,,,,10406.0,,,,11074.0,,,,10610.0,,,,10297.0,,,,10598.0,,,,10714.0,,,,13064.0,,,,8534.0,,,,6265.0,,,,6574.0,,,,5128.0,,,,,,,,,,,,,,,,,,,,,,,,,,,,,,,,,,,,,,,11827.0
ngg-financials,Gross Profit,,,,4642.0,,,,4110.0,,,,4538.0,,,,3051.0,,,,3014.0,,,,2870.0,,,,,,,,3208.0,,,,3225.0,,,,2951.0,,,,3735.0,,,,3749.0,,,,3535.0,,,,3745.0,,,,3293.0,,,,2623.0,,,,2889.0,,,,2430.0,,,,2294.0,,,,2046.0,,,,,,,,,,,,,,,,,,,,,,,,,,,,,,,,,,,,,,,3208.0
ngg-financials,"Selling, General & Admin",,,,0.0,,,,0.0,,,,0.0,,,,0.0,,,,0.0,,,,0.0,,,,,,,,0.0,,,,0.0,,,,0.0,,,,0.0,,,,0.0,,,,0.0,,,,0.0,,,,0.0,,,,0.0,,,,0.0,,,,0.0,,,,0.0,,,,0.0,,,,,,,,,,,,,,,,,,,,,,,,,,,,,,,,,,,,,,,0.0
ngg-financials,Research & Development,,,,0.0,,,,0.0,,,,0.0,,,,0.0,,,,0.0,,,,0.0,,,,,,,,0.0,,,,0.0,,,,0.0,,,,0.0,,,,0.0,,,,0.0,,,,0.0,,,,0.0,,,,0.0,,,,0.0,,,,0.0,,,,0.0,,,,0.0,,,,,,,,,,,,,,,,,,,,,,,,,,,,,,,,,,,,,,,0.0
ngg-financials,Operating Expenses,,,,167.0,,,,-769.0,,,,167.0,,,,181.0,,,,234.0,,,,0.0,,,,,,,,0.0,,,,0.0,,,,0.0,,,,0.0,,,,0.0,,,,0.0,,,,0.0,,,,0.0,,,,0.0,,,,-75.0,,,,-83.0,,,,-80.0,,,,-67.0,,,,,,,,,,,,,,,,,,,,,,,,,,,,,,,,,,,,,,,0.0
ngg-financials,Other Operating Expenses,,,,167.0,,,,-769.0,,,,167.0,,,,181.0,,,,234.0,,,,0.0,,,,,,,,0.0,,,,0.0,,,,0.0,,,,0.0,,,,0.0,,,,0.0,,,,0.0,,,,0.0,,,,0.0,,,,-75.0,,,,-83.0,,,,-80.0,,,,-67.0,,,,,,,,,,,,,,,,,,,,,,,,,,,,,,,,,,,,,,,0.0
ngg-financials,Operating Income,,,,4475.0,,,,4879.0,,,,4371.0,,,,2870.0,,,,2780.0,,,,2870.0,,,,,,,,3208.0,,,,3225.0,,,,2951.0,,,,3735.0,,,,3749.0,,,,3535.0,,,,3745.0,,,,3293.0,,,,2623.0,,,,2964.0,,,,2513.0,,,,2374.0,,,,2113.0,,,,,,,,,,,,,,,,,,,,,,,,,,,,,,,,,,,,,,,3208.0
ngg-financials,Interest Expense / Income,,,,1712.0,,,,1598.0,,,,1072.0,,,,1157.0,,,,1167.0,,,,1157.0,,,,,,,,1082.0,,,,878.0,,,,908.0,,,,0.0,,,,0.0,,,,0.0,,,,2415.0,,,,0.0,,,,0.0,,,,0.0,,,,0.0,,,,0.0,,,,1649.0,,,,,,,,,,,,,,,,,,,,,,,,,,,,,,,,,,,,,,,1140.0
ngg-financials,Other Expense / Income,,,,-358.0,,,,-5392.0,,,,-312.0,,,,-137.0,,,,-131.0,,,,-137.0,,,,,,,,-6042.0,,,,-675.0,,,,-425.0,,,,975.0,,,,1039.0,,,,1155.0,,,,-1290.0,,,,1103.0,,,,1207.0,,,,-833.0,,,,678.0,,,,-2009.0,,,,-1266.0,,,,,,,,,,,,,,,,,,,,,,,,,,,,,,,,,,,,,,,-6101.0
ngg-financials,Pretax Income,,,,3121.0,,,,8673.0,,,,3611.0,,,,1850.0,,,,1744.0,,,,1850.0,,,,,,,,8168.0,,,,3022.0,,,,2468.0,,,,2760.0,,,,2710.0,,,,2380.0,,,,2620.0,,,,2190.0,,,,1416.0,,,,3797.0,,,,1835.0,,,,4383.0,,,,1730.0,,,,,,,,,,,,,,,,,,,,,,,,,,,,,,,,,,,,,,,8169.0
ngg-financials,Income Tax,,,,831.0,,,,876.0,,,,1258.0,,,,339.0,,,,480.0,,,,339.0,,,,,,,,374.0,,,,427.0,,,,467.0,,,,284.0,,,,557.0,,,,463.0,,,,461.0,,,,804.0,,,,472.0,,,,607.0,,,,441.0,,,,535.0,,,,306.0,,,,,,,,,,,,,,,,,,,,,,,,,,,,,,,,,,,,,,,374.0
ngg-financials,Net Income,,,,2290.0,,,,7797.0,,,,2353.0,,,,1511.0,,,,1264.0,,,,1511.0,,,,,,,,7794.0,,,,2595.0,,,,2001.0,,,,2476.0,,,,2153.0,,,,1917.0,,,,2159.0,,,,1386.0,,,,944.0,,,,3190.0,,,,1394.0,,,,3848.0,,,,1424.0,,,,,,,,,,,,,,,,,,,,,,,,,,,,,,,,,,,,,,,7795.0
ngg-financials,Preferred Dividends,,,,0.0,,,,0.0,,,,0.0,,,,0.0,,,,0.0,,,,0.0,,,,,,,,0.0,,,,0.0,,,,0.0,,,,0.0,,,,0.0,,,,0.0,,,,0.0,,,,0.0,,,,0.0,,,,0.0,,,,0.0,,,,0.0,,,,0.0,,,,,,,,,,,,,,,,,,,,,,,,,,,,,,,,,,,,,,,0.0
ngg-financials,Net Income Common,,,,2290.0,,,,7797.0,,,,2353.0,,,,1511.0,,,,1264.0,,,,1511.0,,,,,,,,7794.0,,,,2595.0,,,,2001.0,,,,2476.0,,,,2153.0,,,,1917.0,,,,2159.0,,,,1386.0,,,,944.0,,,,3190.0,,,,1394.0,,,,3848.0,,,,1424.0,,,,,,,,,,,,,,,,,,,,,,,,,,,,,,,,,,,,,,,7795.0
ngg-financials,Net Income Growth,,,,-0.7062972938309606,,,,2.3136421589460263,,,,0.557246856386499,,,,0.19541139240506333,,,,-0.16346790205162143,,,,-0.8061577934573445,,,,,,,,2.0034682080924857,,,,0.29685157421289365,,,,-0.19184168012924074,,,,0.1500232234091965,,,,0.1231090245174753,,,,-0.11208893006021303,,,,0.5577200577200576,,,,0.4682203389830508,,,,-0.7040752351097179,,,,1.2883787661406028,,,,-0.6377338877338877,,,,1.702247191011236,,,,,,,,,,,,,,,,,,,,,,,,,,,,,,,,,,,,,,,,,,,0.00012830382345385694
ngg-financials,Shares Outstanding (Basic),,,,3930.371661,,,,3904.074348,,,,3814.951606,,,,3780.237016,,,,3687.483073,,,,3637.747827,,,,,,,,3597.034912,,,,3567.384242,,,,3533.14471,,,,3478.361332,,,,3392.53708,,,,3344.311185,,,,2399.09092,,,,2366.81028,,,,2366.754056,,,,2475.970633,,,,2493.057525,,,,2493.057525,,,,,,,,,,,,,,,,,,,,,,,,,,,,,,,,,,,,,,,,,,,3942.983447
ngg-financials,Shares Outstanding (Diluted),,,,,,,,,,,,,,,,,,,,,,,,,,,,,,,,,,,,,,,,,,,,,,,,,,,,,,,,,,,,,,,,,,,,,,,,,,,,,,,,,,,,,,,,,,,,,,,,,,,,,,,,,,,,,,,,,,,,,,,
ngg-financials,Shares Change,,,,0.006735863781249796,,,,0.023361434483161414,,,,0.009183178158689298,,,,0.025153727126003833,,,,0.0136719883744707,,,,-0.07741235135852198,,,,,,,,0.008311599757299115,,,,0.009690950926264152,,,,0.015749766275288124,,,,0.02529795547584701,,,,0.014420277400112758,,,,0.3939910143130383,,,,0.01363887941199926,,,,2.3755742535769286e-05,,,,-0.044110610822418406,,,,-0.006853789705474234,,,,0.0,,,,,,,,,,,,,,,,,,,,,,,,,,,,,,,,,,,,,,,,,,,,,,,0.09617602927508084
ngg-financials,EPS (Basic),,,,3.1,,,,10.655,,,,3.27,,,,2.23,,,,1.825,,,,2.23,,,,,,,,10.355,,,,3.435,,,,2.645,,,,3.556,,,,3.12,,,,2.815,,,,3.338,,,,2.591,,,,1.784,,,,6.584,,,,2.798,,,,7.396,,,,2.52,,,,,,,,,,,,,,,,,,,,,,,,,,,,,,,,,,,,,,,10.355
ngg-financials,EPS (Diluted),,,,3.085,,,,10.605,,,,3.25,,,,2.22,,,,1.815,,,,2.22,,,,,,,,10.31,,,,3.42,,,,2.635,,,,3.54,,,,3.109,,,,2.798,,,,3.104,,,,2.58,,,,1.773,,,,6.545,,,,2.776,,,,7.364,,,,2.509,,,,,,,,,,,,,,,,,,,,,,,,,,,,,,,,,,,,,,,10.31
ngg-financials,EPS Growth,,,,-0.7090994813767091,,,,2.263076923076923,,,,0.4639639639639639,,,,0.22314049586776874,,,,-0.18243243243243257,,,,-0.7846750727449079,,,,,,,,2.014619883040936,,,,0.29791271347248593,,,,-0.25564971751412435,,,,0.13862978449662267,,,,0.11115082201572557,,,,-0.0985824742268041,,,,0.20310077519379854,,,,0.4551607445008461,,,,-0.7291061879297174,,,,1.3577089337175794,,,,-0.6230309614340033,,,,1.9350338780390595,,,,,,,,,,,,,,,,,,,,,,,,,,,,,,,,,,,,,,,,,,,0.0
ngg-financials,Free Cash Flow Per Share,,,,0.111,,,,0.845,,,,1.573,,,,0.343,,,,0.533,,,,0.991,,,,,,,,2.712,,,,3.528,,,,3.45,,,,1.551,,,,0.837,,,,1.652,,,,4.014,,,,3.22,,,,0.703,,,,0.725,,,,1.592,,,,2.671,,,,,,,,,,,,,,,,,,,,,,,,,,,,,,,,,,,,,,,,,,,0.983
ngg-financials,Dividend Per Share,,,,3.536,,,,3.124,,,,3.439,,,,3.141,,,,3.093,,,,3.122,,,,,,,,3.259,,,,3.621,,,,6.287,,,,3.467,,,,3.454,,,,3.27,,,,7.692,,,,3.155,,,,3.27,,,,3.25,,,,2.77,,,,2.475,,,,2.003,,,,,,,,,,,,,,,,,,,,,,,,,,,,,,,,,,,,,,,8.311
ngg-financials,Dividend Growth,,,,0.13188220230473746,,,,-0.0915963943006688,,,,0.09487424387137855,,,,0.015518913676042745,,,,-0.009288917360666171,,,,-0.6243532667549032,,,,,,,,-0.09997238331952507,,,,-0.42404962621282005,,,,0.8133833285261032,,,,0.0037637521713953515,,,,0.05626911314984717,,,,-0.5748829953198128,,,,1.4380348652931856,,,,-0.03516819571865448,,,,0.006153846153846176,,,,0.1732851985559567,,,,0.11919191919191907,,,,0.23564653020469284,,,,,,,,,,,,,,,,,,,,,,,,,,,,,,,,,,,,,,,,,,,1.5501687634243635
ngg-financials,Gross Margin,,,,0.23385390428211586,,,,0.18975945334502978,,,,0.245975391620142,,,,0.20431259626330944,,,,0.20729023383768913,,,,0.1921917899953124,,,,,,,,0.21336880611905554,,,,0.24409627611262488,,,,0.22093284420154227,,,,0.2522114930110068,,,,0.2610906051953479,,,,0.2555668016194332,,,,0.26110297706198143,,,,0.2350967373456129,,,,0.16720851660610697,,,,0.2529107940120809,,,,0.2794709603220242,,,,0.25868290482634193,,,,0.2851965430722052,,,,,,,,,,,,,,,,,,,,,,,,,,,,,,,,,,,,,,,0.21336880611905554
ngg-financials,Operating Margin,,,,0.22544080604534006,,,,0.22526432429936746,,,,0.236923410482953,,,,0.1921917899953124,,,,0.19119669876203577,,,,0.1921917899953124,,,,,,,,0.21336880611905554,,,,0.24409627611262488,,,,0.22093284420154227,,,,0.2522114930110068,,,,0.2610906051953479,,,,0.2555668016194332,,,,0.26110297706198143,,,,0.2350967373456129,,,,0.16720851660610697,,,,0.2594764947912107,,,,0.2890166762507188,,,,0.26770410464591793,,,,0.29453582380819626,,,,,,,,,,,,,,,,,,,,,,,,,,,,,,,,,,,,,,,0.21336880611905554
ngg-financials,Profit Margin,,,,0.11536523929471033,,,,0.35998891915600906,,,,0.1275407881185972,,,,0.10118529431460524,,,,0.08693259972489684,,,,0.10118529431460524,,,,,,,,0.518390422347855,,,,0.19641235240690283,,,,0.1498090888672606,,,,0.1671956242825309,,,,0.1499408036771363,,,,0.13859167148640833,,,,0.15052638917939065,,,,0.09895052473763119,,,,0.06017721680372283,,,,0.27926113980565526,,,,0.16032202415181138,,,,0.4339197113216058,,,,0.19849456370225815,,,,,,,,,,,,,,,,,,,,,,,,,,,,,,,,,,,,,,,0.5184569338210842
ngg-financials,Free Cash Flow Margin,,,,0.0043828715365239294,,,,0.03047232097511427,,,,0.06504417583608868,,,,0.017344137145918436,,,,0.027028885832187072,,,,0.0482823277305297,,,,,,,,0.12976388427003657,,,,0.1905086285195277,,,,0.18252601632103016,,,,0.07286109798095752,,,,0.03955707221951389,,,,0.07988721804511278,,,,0.1342815310604476,,,,0.10880274148639965,,,,0.021227768215720023,,,,0.0314278210627681,,,,0.09131684876365727,,,,0.15020297699594046,,,,0.2829662670755506,,,,,,,,,,,,,,,,,,,,,,,,,,,,,,,,,,,,,,,0.05154639175257732
ngg-financials,Effective Tax Rate,,,,0.2662608138417174,,,,0.10100311310965064,,,,0.3483799501523124,,,,0.18324324324324323,,,,0.27522935779816515,,,,0.18324324324324323,,,,,,,,0.045788442703232124,,,,0.1412971542025149,,,,0.18922204213938412,,,,0.10289855072463767,,,,0.2055350553505535,,,,0.19453781512605042,,,,0.17595419847328245,,,,0.36712328767123287,,,,0.3333333333333333,,,,0.15986304977613905,,,,0.24032697547683923,,,,0.12206251425963952,,,,0.176878612716763,,,,,,,,,,,,,,,,,,,,,,,,,,,,,,,,,,,,,,,0.045782837556616475
ngg-financials,EBITDA,,,,6894.0,,,,12255.0,,,,6513.0,,,,4492.0,,,,4346.0,,,,4732.0,,,,,,,,10731.0,,,,5211.0,,,,4578.0,,,,4177.0,,,,4071.0,,,,3662.0,,,,6280.0,,,,3378.0,,,,2538.0,,,,4791.0,,,,2706.0,,,,5271.0,,,,4161.0,,,,,,,,,,,,,,,,,,,,,,,,,,,,,,,,,,,,,,,10839.0
ngg-financials,EBITDA Margin,,,,0.34730478589420655,,,,0.5658155962879172,,,,0.3530272643503713,,,,0.30081028594388265,,,,0.29889958734525446,,,,0.31688207326056383,,,,,,,,0.7137346192218158,,,,0.3944141689373297,,,,0.34274163360035936,,,,0.28205820784657976,,,,0.2835155651507765,,,,0.2647484094852516,,,,0.43784424457923726,,,,0.24116513171985435,,,,0.16179001721170397,,,,0.4194169657708133,,,,0.311213341000575,,,,0.5943843031123139,,,,0.5800111513799833,,,,,,,,,,,,,,,,,,,,,,,,,,,,,,,,,,,,,,,0.720917858330562
ngg-financials,Depreciation & Amortization,,,,2061.0,,,,1984.0,,,,1830.0,,,,1485.0,,,,1435.0,,,,1725.0,,,,,,,,1481.0,,,,1311.0,,,,1202.0,,,,1417.0,,,,1361.0,,,,1282.0,,,,1245.0,,,,1188.0,,,,1122.0,,,,994.0,,,,871.0,,,,888.0,,,,782.0,,,,,,,,,,,,,,,,,,,,,,,,,,,,,,,,,,,,,,,1530.0
ngg-financials,EBIT,,,,4833.0,,,,10271.0,,,,4683.0,,,,3007.0,,,,2911.0,,,,3007.0,,,,,,,,9250.0,,,,3900.0,,,,3376.0,,,,2760.0,,,,2710.0,,,,2380.0,,,,5035.0,,,,2190.0,,,,1416.0,,,,3797.0,,,,1835.0,,,,4383.0,,,,3379.0,,,,,,,,,,,,,,,,,,,,,,,,,,,,,,,,,,,,,,,9309.0
ngg-financials,EBIT Margin,,,,0.24347607052896725,,,,0.4742139526293919,,,,0.25383489620033606,,,,0.2013661019219179,,,,0.20020632737276478,,,,0.2013661019219179,,,,,,,,0.6152311273694713,,,,0.29518619436875565,,,,0.2527513663247735,,,,0.18637315146194883,,,,0.188731805836061,,,,0.1720647773279352,,,,0.3510423202956146,,,,0.1563503962304562,,,,0.09026582520558424,,,,0.3323995447780793,,,,0.21104082806210467,,,,0.4942489851150203,,,,0.47100641204349036,,,,,,,,,,,,,,,,,,,,,,,,,,,,,,,,,,,,,,,0.61915530428999
